<?xml version="1.0" encoding="UTF-8"?>
<marc:collection xmlns:marc="http://www.loc.gov/MARC21/slim" xmlns:xsi="http://www.w3.org/2001/XMLSchema-instance" xsi:schemaLocation="http://www.loc.gov/MARC21/slim
http://www.loc.gov/standards/marcxml/schema/MARC21slim.xsd">
  <marc:record>
    <marc:leader>00925njm  22002777a 4500</marc:leader>
    <marc:controlfield tag="001">4157077</marc:controlfield>
    <marc:controlfield tag="005">20101115185851.0</marc:controlfield>
    <marc:controlfield tag="006">m        d        </marc:controlfield>
    <marc:controlfield tag="007">cr cn ---|||||</marc:controlfield>
    <marc:controlfield tag="008">070329s2007    maua    sb    001 0 eng d</marc:controlfield>
    <marc:datafield tag="020" ind1=" " ind2=" ">
      <marc:subfield code="a">9780750682923 (pbk.)</marc:subfield>
    </marc:datafield>
    <marc:datafield tag="020" ind1=" " ind2=" ">
      <marc:subfield code="a">0750682922 (pbk.)</marc:subfield>
    </marc:datafield>
    <marc:datafield tag="040" ind1=" " ind2=" ">
      <marc:subfield code="a">CaPaEBR</marc:subfield>
      <marc:subfield code="c">CaPaEBR</marc:subfield>
      <marc:subfield code="d">CaOWtU</marc:subfield>
    </marc:datafield>
    <marc:datafield tag="050" ind1="1" ind2="4">
      <marc:subfield code="a">TJ223.P76</marc:subfield>
      <marc:subfield code="b">D5 2007</marc:subfield>
    </marc:datafield>
    <marc:datafield tag="100" ind1="1" ind2=" ">
      <marc:subfield code="a">Di Jasio, Lucio.</marc:subfield>
    </marc:datafield>
    <marc:datafield tag="245" ind1="1" ind2="0">
      <marc:subfield code="a">Programming 16-bit PIC microcontrollers in C</marc:subfield>
      <marc:subfield code="h">[electronic resource] :</marc:subfield>
      <marc:subfield code="b">learning to fly the PIC24 /</marc:subfield>
      <marc:subfield code="c">by Lucio Di Jasio.</marc:subfield>
    </marc:datafield>
    <marc:datafield tag="260" ind1=" " ind2=" ">
      <marc:subfield code="a">Boston :</marc:subfield>
      <marc:subfield code="b">Newnes,</marc:subfield>
      <marc:subfield code="c">c2007.</marc:subfield>
    </marc:datafield>
    <marc:datafield tag="300" ind1=" " ind2=" ">
      <marc:subfield code="a">xix, 379 p. :</marc:subfield>
      <marc:subfield code="b">ill.</marc:subfield>
    </marc:datafield>
    <marc:datafield tag="490" ind1="1" ind2=" ">
      <marc:subfield code="a">Embedded technology series</marc:subfield>
    </marc:datafield>
    <marc:datafield tag="504" ind1=" " ind2=" ">
      <marc:subfield code="a">Includes bibliographical references and index.</marc:subfield>
    </marc:datafield>
    <marc:datafield tag="538" ind1=" " ind2=" ">
      <marc:subfield code="a">Mode of access: World Wide Web.</marc:subfield>
    </marc:datafield>
    <marc:datafield tag="650" ind1=" " ind2="0">
      <marc:subfield code="a">Programmable controllers.</marc:subfield>
    </marc:datafield>
    <marc:datafield tag="650" ind1=" " ind2="0">
      <marc:subfield code="a">C (Computer program language)</marc:subfield>
    </marc:datafield>
    <marc:datafield tag="830" ind1=" " ind2="0">
      <marc:subfield code="a">Embedded technology series</marc:subfield>
    </marc:datafield>
  </marc:record>