
  <marc:record>
    <marc:leader>00925njm  22002777a 4500</marc:leader>
    <marc:controlfield tag="001">718853</marc:controlfield>
    <marc:controlfield tag="007">ta</marc:controlfield>
    <marc:controlfield tag="008">      s1978    maua          0011  eng l</marc:controlfield>
    <marc:datafield tag="010" ind1=" " ind2=" ">
      <marc:subfield code="a">   77090174</marc:subfield>
    </marc:datafield>
    <marc:datafield tag="020" ind1=" " ind2=" ">
      <marc:subfield code="a">0201019957</marc:subfield>
    </marc:datafield>
    <marc:datafield tag="035" ind1=" " ind2=" ">
      <marc:subfield code="9">CaOWtU00703932</marc:subfield>
    </marc:datafield>
    <marc:datafield tag="040" ind1=" " ind2=" ">
      <marc:subfield code="a">DLC</marc:subfield>
      <marc:subfield code="b">eng</marc:subfield>
      <marc:subfield code="c">CaOONL</marc:subfield>
    </marc:datafield>
    <marc:datafield tag="050" ind1="0" ind2=" ">
      <marc:subfield code="a">QA76.6</marc:subfield>
      <marc:subfield code="b">.F673</marc:subfield>
    </marc:datafield>
    <marc:datafield tag="090" ind1=" " ind2=" ">
      <marc:subfield code="a">QA76.6.F673 1978</marc:subfield>
    </marc:datafield>
    <marc:datafield tag="100" ind1="1" ind2="0">
      <marc:subfield code="a">Foster, Caxton C.,</marc:subfield>
      <marc:subfield code="d">1929-</marc:subfield>
    </marc:datafield>
    <marc:datafield tag="245" ind1="1" ind2="0">
      <marc:subfield code="a">Programming a microcomputer :</marc:subfield>
      <marc:subfield code="b">6502 /</marc:subfield>
      <marc:subfield code="c">Caxton C. Foster. -</marc:subfield>
    </marc:datafield>
    <marc:datafield tag="260" ind1="0" ind2=" ">
      <marc:subfield code="a">Reading, Mass. :</marc:subfield>
      <marc:subfield code="b">Addison-Wesley Pub. Co.,</marc:subfield>
      <marc:subfield code="c">c1978.</marc:subfield>
    </marc:datafield>
    <marc:datafield tag="300" ind1=" " ind2=" ">
      <marc:subfield code="a">vi, 231 p. :</marc:subfield>
      <marc:subfield code="b">diagrs. ;</marc:subfield>
      <marc:subfield code="c">24 cm. -</marc:subfield>
    </marc:datafield>
    <marc:datafield tag="490" ind1="0" ind2=" ">
      <marc:subfield code="a">Addison-Wesley's joy of computing series</marc:subfield>
    </marc:datafield>
    <marc:datafield tag="500" ind1=" " ind2=" ">
      <marc:subfield code="a">Includes index.</marc:subfield>
    </marc:datafield>
    <marc:datafield tag="650" ind1=" " ind2="0">
      <marc:subfield code="a">Microcomputers</marc:subfield>
      <marc:subfield code="x">Programming.</marc:subfield>
    </marc:datafield>
    <marc:datafield tag="901" ind1=" " ind2=" ">
      <marc:subfield code="a">00703932</marc:subfield>
    </marc:datafield>
    <marc:datafield tag="997" ind1=" " ind2=" ">
      <marc:subfield code="a">790612</marc:subfield>
      <marc:subfield code="b">BP</marc:subfield>
      <marc:subfield code="d">C-EMS</marc:subfield>
    </marc:datafield>
  </marc:record>