
  <marc:record>
    <marc:leader>00925njm  22002777a 4500</marc:leader>
    <marc:controlfield tag="001">1337395</marc:controlfield>
    <marc:controlfield tag="007">ta</marc:controlfield>
    <marc:controlfield tag="008">      s1986                 f      eng u</marc:controlfield>
    <marc:datafield tag="035" ind1=" " ind2=" ">
      <marc:subfield code="9">CaOGU00803598</marc:subfield>
    </marc:datafield>
    <marc:datafield tag="110" ind1=" " ind2=" ">
      <marc:subfield code="a">Canadian Broadcasting Corporation</marc:subfield>
    </marc:datafield>
    <marc:datafield tag="245" ind1="1" ind2="0">
      <marc:subfield code="a">Programming Activities - CBC, 1936-1986.</marc:subfield>
    </marc:datafield>
    <marc:datafield tag="260" ind1=" " ind2=" ">
      <marc:subfield code="a">1986</marc:subfield>
    </marc:datafield>
    <marc:datafield tag="300" ind1=" " ind2=" ">
      <marc:subfield code="a">50 p.</marc:subfield>
    </marc:datafield>
    <marc:datafield tag="740" ind1=" " ind2=" ">
      <marc:subfield code="a">Programming Activities - Canadian Broadcasting Corporation, 1936-1986.</marc:subfield>
    </marc:datafield>
    <marc:datafield tag="900" ind1=" " ind2=" ">
      <marc:subfield code="a">Source of Material: Mail</marc:subfield>
    </marc:datafield>
  </marc:record>