
  <marc:record>
    <marc:leader>00925njm  22002777a 4500</marc:leader>
    <marc:controlfield tag="001">1575726</marc:controlfield>
    <marc:controlfield tag="005">20080327150032.0</marc:controlfield>
    <marc:controlfield tag="007">ta</marc:controlfield>
    <marc:controlfield tag="008">730701s1965                 o      eng u</marc:controlfield>
    <marc:datafield tag="035" ind1=" " ind2=" ">
      <marc:subfield code="9">CaOGU00581640</marc:subfield>
    </marc:datafield>
    <marc:datafield tag="110" ind1="2" ind2="0">
      <marc:subfield code="a">Iowa State College.</marc:subfield>
      <marc:subfield code="b">Agricultural and Home Economics Experiment Station.</marc:subfield>
    </marc:datafield>
    <marc:datafield tag="245" ind1="1" ind2="0">
      <marc:subfield code="a">Programming Analysis of Interregional Competition and Surplus Capacity of American Agriculture.</marc:subfield>
    </marc:datafield>
    <marc:datafield tag="260" ind1="1" ind2=" ">
      <marc:subfield code="c">1965</marc:subfield>
    </marc:datafield>
    <marc:datafield tag="300" ind1=" " ind2=" ">
      <marc:subfield code="a">35 p.</marc:subfield>
    </marc:datafield>
    <marc:datafield tag="440" ind1=" " ind2="0">
      <marc:subfield code="a">Research bulletin (Iowa Agriculture and Home Economics Experiment Station)</marc:subfield>
      <marc:subfield code="v">538</marc:subfield>
    </marc:datafield>
    <marc:datafield tag="700" ind1="1" ind2="0">
      <marc:subfield code="a">Heady, Earl O.</marc:subfield>
      <marc:subfield code="q">(Earl Orel),</marc:subfield>
      <marc:subfield code="d">1916-1986.</marc:subfield>
    </marc:datafield>
    <marc:datafield tag="700" ind1="1" ind2="0">
      <marc:subfield code="a">Whittlesey, Norman K.</marc:subfield>
    </marc:datafield>
    <marc:datafield tag="900" ind1=" " ind2=" ">
      <marc:subfield code="a">Source of Material: Mail</marc:subfield>
    </marc:datafield>
  </marc:record>