
  <marc:record>
    <marc:leader>00925njm  22002777a 4500</marc:leader>
    <marc:controlfield tag="001">2623385</marc:controlfield>
    <marc:controlfield tag="005">20000127170336.0</marc:controlfield>
    <marc:controlfield tag="007">ta</marc:controlfield>
    <marc:controlfield tag="008">770911s1977    enka          0011  eng@d</marc:controlfield>
    <marc:datafield tag="010" ind1=" " ind2=" ">
      <marc:subfield code="a">435775413</marc:subfield>
    </marc:datafield>
    <marc:datafield tag="020" ind1=" " ind2=" ">
      <marc:subfield code="a">0435775413</marc:subfield>
    </marc:datafield>
    <marc:datafield tag="035" ind1=" " ind2=" ">
      <marc:subfield code="9">LM303382</marc:subfield>
    </marc:datafield>
    <marc:datafield tag="040" ind1=" " ind2=" ">
      <marc:subfield code="a">BNB eng CaOONL</marc:subfield>
    </marc:datafield>
    <marc:datafield tag="090" ind1=" " ind2="1">
      <marc:subfield code="a">QA76.6</marc:subfield>
      <marc:subfield code="b">.G87</marc:subfield>
    </marc:datafield>
    <marc:datafield tag="100" ind1=" " ind2="0">
      <marc:subfield code="a">Guttmann, Anthony J.</marc:subfield>
    </marc:datafield>
    <marc:datafield tag="245" ind1="1" ind2="0">
      <marc:subfield code="a">Programming and algorithms :</marc:subfield>
      <marc:subfield code="b"> an introduction /</marc:subfield>
      <marc:subfield code="c">[by] Anthony J. Guttmann.</marc:subfield>
    </marc:datafield>
    <marc:datafield tag="260" ind1=" " ind2=" ">
      <marc:subfield code="a">London :</marc:subfield>
      <marc:subfield code="b">Heinemann Educational,</marc:subfield>
      <marc:subfield code="c">1977</marc:subfield>
    </marc:datafield>
    <marc:datafield tag="300" ind1=" " ind2="0">
      <marc:subfield code="a">x, 214 p. : ill. ; 23 cm.</marc:subfield>
    </marc:datafield>
    <marc:datafield tag="500" ind1=" " ind2=" ">
      <marc:subfield code="a">With solutions to selected problems.</marc:subfield>
    </marc:datafield>
    <marc:datafield tag="504" ind1=" " ind2=" ">
      <marc:subfield code="a">Bibliography: p.206-209.</marc:subfield>
    </marc:datafield>
    <marc:datafield tag="650" ind1=" " ind2="0">
      <marc:subfield code="a">Algorithms.</marc:subfield>
    </marc:datafield>
    <marc:datafield tag="650" ind1=" " ind2="0">
      <marc:subfield code="a">Computer programming.</marc:subfield>
    </marc:datafield>
  </marc:record>