
  <marc:record>
    <marc:leader>00925njm  22002777a 4500</marc:leader>
    <marc:controlfield tag="001">1510227</marc:controlfield>
    <marc:controlfield tag="005">20041201161908.0</marc:controlfield>
    <marc:controlfield tag="007">ta</marc:controlfield>
    <marc:controlfield tag="008">750312s1968                 o      eng u</marc:controlfield>
    <marc:datafield tag="035" ind1=" " ind2=" ">
      <marc:subfield code="9">CaOGU00542415</marc:subfield>
    </marc:datafield>
    <marc:datafield tag="110" ind1="2" ind2="0">
      <marc:subfield code="a">Shock and Vibration Information Center</marc:subfield>
    </marc:datafield>
    <marc:datafield tag="245" ind1="1" ind2="0">
      <marc:subfield code="a">Programming and Analysis For Digital Time Series Data.</marc:subfield>
    </marc:datafield>
    <marc:datafield tag="260" ind1="1" ind2=" ">
      <marc:subfield code="c">1968</marc:subfield>
    </marc:datafield>
    <marc:datafield tag="300" ind1=" " ind2=" ">
      <marc:subfield code="a">200 p.</marc:subfield>
    </marc:datafield>
    <marc:datafield tag="440" ind1=" " ind2="0">
      <marc:subfield code="a">Us Dept. of Defense Shock and Vibration Information Center Svm. </marc:subfield>
      <marc:subfield code="v">3</marc:subfield>
    </marc:datafield>
    <marc:datafield tag="700" ind1="1" ind2="0">
      <marc:subfield code="a">Enochson, L.D.</marc:subfield>
    </marc:datafield>
    <marc:datafield tag="700" ind1="1" ind2="0">
      <marc:subfield code="a">Otnes, R.K.</marc:subfield>
    </marc:datafield>
    <marc:datafield tag="900" ind1=" " ind2=" ">
      <marc:subfield code="a">Source of Material: Paid</marc:subfield>
    </marc:datafield>
  </marc:record>