
  <marc:record>
    <marc:leader>00925njm  22002777a 4500</marc:leader>
    <marc:controlfield tag="001">2142426</marc:controlfield>
    <marc:controlfield tag="005">20060804144124.0</marc:controlfield>
    <marc:controlfield tag="007">ta</marc:controlfield>
    <marc:controlfield tag="008">820716s1963                        eng  </marc:controlfield>
    <marc:datafield tag="010" ind1=" " ind2=" ">
      <marc:subfield code="a">64009591</marc:subfield>
    </marc:datafield>
    <marc:datafield tag="035" ind1=" " ind2=" ">
      <marc:subfield code="9">CaOGU00277376</marc:subfield>
    </marc:datafield>
    <marc:datafield tag="100" ind1="1" ind2="0">
      <marc:subfield code="a">Sherman, Philip M.</marc:subfield>
      <marc:subfield code="q">(Philip Martin),</marc:subfield>
      <marc:subfield code="d">1930-</marc:subfield>
    </marc:datafield>
    <marc:datafield tag="245" ind1="1" ind2="0">
      <marc:subfield code="a">Programming and Coding the IBM 709-7090-7094 Computers / </marc:subfield>
      <marc:subfield code="c">Philip M. Sherman</marc:subfield>
    </marc:datafield>
    <marc:datafield tag="260" ind1="1" ind2=" ">
      <marc:subfield code="a">New York : Wiley, 1963</marc:subfield>
    </marc:datafield>
    <marc:datafield tag="300" ind1=" " ind2=" ">
      <marc:subfield code="a">Xiv, 137 P</marc:subfield>
    </marc:datafield>
    <marc:datafield tag="500" ind1=" " ind2=" ">
      <marc:subfield code="a">Includes Indexes</marc:subfield>
    </marc:datafield>
    <marc:datafield tag="650" ind1=" " ind2="0">
      <marc:subfield code="a">Computer programming.</marc:subfield>
    </marc:datafield>
    <marc:datafield tag="740" ind1="0" ind2="1">
      <marc:subfield code="a">IBM 709-7090-7094 Computers </marc:subfield>
    </marc:datafield>
  </marc:record>