
  <marc:record>
    <marc:leader>00925njm  22002777a 4500</marc:leader>
    <marc:controlfield tag="001">665392</marc:controlfield>
    <marc:controlfield tag="005">20020612120734.0</marc:controlfield>
    <marc:controlfield tag="007">ta</marc:controlfield>
    <marc:controlfield tag="007">cr  gn ---|||||</marc:controlfield>
    <marc:controlfield tag="008">030298c19759999nyubr p       0   a0eng d</marc:controlfield>
    <marc:datafield tag="010" ind1=" " ind2=" ">
      <marc:subfield code="a">   76642277</marc:subfield>
    </marc:datafield>
    <marc:datafield tag="022" ind1=" " ind2=" ">
      <marc:subfield code="a">0361-7688</marc:subfield>
    </marc:datafield>
    <marc:datafield tag="035" ind1=" " ind2=" ">
      <marc:subfield code="9">CaOWtU00512639</marc:subfield>
    </marc:datafield>
    <marc:datafield tag="040" ind1=" " ind2=" ">
      <marc:subfield code="a">CaOWtU</marc:subfield>
      <marc:subfield code="b">eng</marc:subfield>
      <marc:subfield code="c">CaOWtU</marc:subfield>
      <marc:subfield code="d">CaOWtL</marc:subfield>
    </marc:datafield>
    <marc:datafield tag="090" ind1=" " ind2=" ">
      <marc:subfield code="a">QA76.P695</marc:subfield>
      <marc:subfield code="5">CaOWtU</marc:subfield>
    </marc:datafield>
    <marc:datafield tag="245" ind1="0" ind2="0">
      <marc:subfield code="a">Programming and computer software.</marc:subfield>
    </marc:datafield>
    <marc:datafield tag="260" ind1=" " ind2=" ">
      <marc:subfield code="a">[New York :</marc:subfield>
      <marc:subfield code="b">Consultants Bureau],</marc:subfield>
      <marc:subfield code="c">1975-</marc:subfield>
    </marc:datafield>
    <marc:datafield tag="300" ind1=" " ind2=" ">
      <marc:subfield code="a">v. :</marc:subfield>
      <marc:subfield code="b">ill. ;</marc:subfield>
      <marc:subfield code="c">28 cm.</marc:subfield>
    </marc:datafield>
    <marc:datafield tag="310" ind1=" " ind2=" ">
      <marc:subfield code="a">Bimonthly</marc:subfield>
    </marc:datafield>
    <marc:datafield tag="362" ind1="1" ind2=" ">
      <marc:subfield code="a">Began publication Jan. 1975.</marc:subfield>
    </marc:datafield>
    <marc:datafield tag="530" ind1=" " ind2=" ">
      <marc:subfield code="a">Also available via World Wide Web; subscription required for access to abstracts (in HTML format) and full text (in PDF format); requires Internet connectivity, World Wide Web browser and Adobe Acrobat Reader.</marc:subfield>
    </marc:datafield>
    <marc:datafield tag="650" ind1=" " ind2="0">
      <marc:subfield code="a">Computer programming</marc:subfield>
      <marc:subfield code="v">Periodicals.</marc:subfield>
    </marc:datafield>
    <marc:datafield tag="650" ind1=" " ind2="0">
      <marc:subfield code="a">Programming languages (Electronic computers)</marc:subfield>
      <marc:subfield code="v">Periodicals.</marc:subfield>
    </marc:datafield>
    <marc:datafield tag="765" ind1="0" ind2=" ">
      <marc:subfield code="t">Programmirovanie ĖVM</marc:subfield>
    </marc:datafield>
    <marc:datafield tag="901" ind1=" " ind2=" ">
      <marc:subfield code="a">00512639</marc:subfield>
    </marc:datafield>
    <marc:datafield tag="997" ind1=" " ind2=" ">
      <marc:subfield code="a">1177EBgoLS33786</marc:subfield>
      <marc:subfield code="d">50000006012600</marc:subfield>
    </marc:datafield>
  </marc:record>