
  <marc:record>
    <marc:leader>00925njm  22002777a 4500</marc:leader>
    <marc:controlfield tag="001">312204</marc:controlfield>
    <marc:controlfield tag="007">ta</marc:controlfield>
    <marc:controlfield tag="008">030298s19uu    xx                  eng  </marc:controlfield>
    <marc:datafield tag="010" ind1=" " ind2=" ">
      <marc:subfield code="a">   71118860</marc:subfield>
    </marc:datafield>
    <marc:datafield tag="020" ind1=" " ind2=" ">
      <marc:subfield code="a">0306108437</marc:subfield>
    </marc:datafield>
    <marc:datafield tag="035" ind1=" " ind2=" ">
      <marc:subfield code="9">CaOWtU00110268</marc:subfield>
    </marc:datafield>
    <marc:datafield tag="050" ind1=" " ind2=" ">
      <marc:subfield code="a">QC1.A4114 vol. 45</marc:subfield>
    </marc:datafield>
    <marc:datafield tag="090" ind1=" " ind2=" ">
      <marc:subfield code="a">QC1.A4114 v. 45</marc:subfield>
    </marc:datafield>
    <marc:datafield tag="245" ind1="0" ind2="0">
      <marc:subfield code="a">Programming and computer techniques in experimental physics.  Edited by D. V. Skobelʹtsyn.  Translated from Russian.</marc:subfield>
    </marc:datafield>
    <marc:datafield tag="260" ind1=" " ind2=" ">
      <marc:subfield code="a">New York, Consultants Bureau, 1970.</marc:subfield>
    </marc:datafield>
    <marc:datafield tag="300" ind1=" " ind2=" ">
      <marc:subfield code="a">126 p.  illus.  28 cm.</marc:subfield>
    </marc:datafield>
    <marc:datafield tag="490" ind1="1" ind2=" ">
      <marc:subfield code="a">Proceedings (Tudy) of the P.N. Lebedev Physics Institute, v. 45</marc:subfield>
    </marc:datafield>
    <marc:datafield tag="500" ind1=" " ind2=" ">
      <marc:subfield code="a">Originally published as v. 45 of Trudy of Fizicheskiĭ institut of Akademi︠a︡ nauk SSSR.</marc:subfield>
    </marc:datafield>
    <marc:datafield tag="500" ind1=" " ind2=" ">
      <marc:subfield code="a">Translation of "Programmirovanie i vychisletelʹ naia tekhnika v fizicheskom eksperimente.</marc:subfield>
    </marc:datafield>
    <marc:datafield tag="504" ind1=" " ind2=" ">
      <marc:subfield code="a">Includes bibliographies.</marc:subfield>
    </marc:datafield>
    <marc:datafield tag="650" ind1=" " ind2="0">
      <marc:subfield code="a">Nuclear physics</marc:subfield>
      <marc:subfield code="x">Data processing.</marc:subfield>
    </marc:datafield>
    <marc:datafield tag="650" ind1=" " ind2="0">
      <marc:subfield code="a">Computers.</marc:subfield>
    </marc:datafield>
    <marc:datafield tag="700" ind1=" " ind2=" ">
      <marc:subfield code="a">Skobeʹt︠s︡n, Dmitriĭ Vladimiorovich, 1892-     ed.</marc:subfield>
    </marc:datafield>
    <marc:datafield tag="810" ind1="2" ind2=" ">
      <marc:subfield code="a">Akademii︠a︡ nauk SSSR.</marc:subfield>
      <marc:subfield code="b">Fizicheskiĭ institut.</marc:subfield>
      <marc:subfield code="t">Proceeding v. 45.</marc:subfield>
    </marc:datafield>
    <marc:datafield tag="901" ind1=" " ind2=" ">
      <marc:subfield code="a">00110268</marc:subfield>
    </marc:datafield>
    <marc:datafield tag="997" ind1=" " ind2=" ">
      <marc:subfield code="a">710900</marc:subfield>
      <marc:subfield code="b">MD</marc:subfield>
      <marc:subfield code="c">L239591</marc:subfield>
    </marc:datafield>
  </marc:record>