
  <marc:record>
    <marc:leader>00925njm  22002777a 4500</marc:leader>
    <marc:controlfield tag="001">2733627</marc:controlfield>
    <marc:controlfield tag="003">CaOWtL</marc:controlfield>
    <marc:controlfield tag="007">ta</marc:controlfield>
    <marc:controlfield tag="008">731001s1970    nyua     bs   0001  eng l</marc:controlfield>
    <marc:datafield tag="010" ind1=" " ind2=" ">
      <marc:subfield code="a">   73171265</marc:subfield>
    </marc:datafield>
    <marc:datafield tag="035" ind1=" " ind2=" ">
      <marc:subfield code="9">LM827649</marc:subfield>
    </marc:datafield>
    <marc:datafield tag="040" ind1=" " ind2=" ">
      <marc:subfield code="a">DLC eng CaOONL</marc:subfield>
    </marc:datafield>
    <marc:datafield tag="090" ind1=" " ind2="1">
      <marc:subfield code="a">HC59.7</marc:subfield>
      <marc:subfield code="b">.U4842</marc:subfield>
    </marc:datafield>
    <marc:datafield tag="110" ind1=" " ind2="0">
      <marc:subfield code="a">United Nations Industrial Development Organization.</marc:subfield>
    </marc:datafield>
    <marc:datafield tag="245" ind1="1" ind2="0">
      <marc:subfield code="a">Programming and control of implementation of industrial projects in developing countries.</marc:subfield>
    </marc:datafield>
    <marc:datafield tag="260" ind1=" " ind2=" ">
      <marc:subfield code="a">New York :</marc:subfield>
      <marc:subfield code="b">United Nations,</marc:subfield>
      <marc:subfield code="c">1970</marc:subfield>
    </marc:datafield>
    <marc:datafield tag="300" ind1=" " ind2="0">
      <marc:subfield code="a">viii, 101 p. : ill. ; 25 cm.</marc:subfield>
    </marc:datafield>
    <marc:datafield tag="440" ind1=" " ind2="0">
      <marc:subfield code="a">Industrial implementation systems, no. 1</marc:subfield>
    </marc:datafield>
    <marc:datafield tag="490" ind1="0" ind2=" ">
      <marc:subfield code="a">[United Nations. Document] ID/ser.L/1</marc:subfield>
    </marc:datafield>
    <marc:datafield tag="650" ind1=" " ind2="0">
      <marc:subfield code="a">Industries</marc:subfield>
      <marc:subfield code="z">Developing countries.</marc:subfield>
    </marc:datafield>
    <marc:datafield tag="650" ind1=" " ind2="0">
      <marc:subfield code="a">Industrial promotion</marc:subfield>
      <marc:subfield code="z">Developing countries.</marc:subfield>
    </marc:datafield>
  </marc:record>