
  <marc:record>
    <marc:leader>00925njm  22002777a 4500</marc:leader>
    <marc:controlfield tag="001">4073211</marc:controlfield>
    <marc:controlfield tag="005">20100419120718.0</marc:controlfield>
    <marc:controlfield tag="007">ta</marc:controlfield>
    <marc:controlfield tag="008">091217s2010    nyua          001 0 eng  </marc:controlfield>
    <marc:datafield tag="010" ind1=" " ind2=" ">
      <marc:subfield code="a">  2009050595</marc:subfield>
    </marc:datafield>
    <marc:datafield tag="020" ind1=" " ind2=" ">
      <marc:subfield code="a">9780071664509 (alk. paper)</marc:subfield>
    </marc:datafield>
    <marc:datafield tag="020" ind1=" " ind2=" ">
      <marc:subfield code="a">0071664505 (alk. paper)</marc:subfield>
    </marc:datafield>
    <marc:datafield tag="035" ind1=" " ind2=" ">
      <marc:subfield code="a">(OCoLC)426812106</marc:subfield>
    </marc:datafield>
    <marc:datafield tag="040" ind1=" " ind2=" ">
      <marc:subfield code="a">DLC</marc:subfield>
      <marc:subfield code="c">DLC</marc:subfield>
      <marc:subfield code="d">BTCTA</marc:subfield>
      <marc:subfield code="d">YDXCP</marc:subfield>
      <marc:subfield code="d">C#P</marc:subfield>
      <marc:subfield code="d">OrLoB-B</marc:subfield>
    </marc:datafield>
    <marc:datafield tag="050" ind1="0" ind2="0">
      <marc:subfield code="a">TJ223.P76</marc:subfield>
      <marc:subfield code="b">P78 2010</marc:subfield>
    </marc:datafield>
    <marc:datafield tag="082" ind1="0" ind2="0">
      <marc:subfield code="a">004.1</marc:subfield>
      <marc:subfield code="2">22</marc:subfield>
    </marc:datafield>
    <marc:datafield tag="090" ind1=" " ind2=" ">
      <marc:subfield code="a">TJ223.P76</marc:subfield>
      <marc:subfield code="b">P78 2010</marc:subfield>
      <marc:subfield code="5">CaOGU</marc:subfield>
    </marc:datafield>
    <marc:datafield tag="090" ind1=" " ind2=" ">
      <marc:subfield code="a">TJ223.P76</marc:subfield>
      <marc:subfield code="b">P78</marc:subfield>
      <marc:subfield code="5">CaOWtL</marc:subfield>
    </marc:datafield>
    <marc:datafield tag="245" ind1="0" ind2="0">
      <marc:subfield code="a">Programming and customizing the multicore Propeller microcontroller :</marc:subfield>
      <marc:subfield code="b">the official guide /</marc:subfield>
      <marc:subfield code="c">Parallax Inc.</marc:subfield>
    </marc:datafield>
    <marc:datafield tag="260" ind1=" " ind2=" ">
      <marc:subfield code="a">New York :</marc:subfield>
      <marc:subfield code="b">McGraw-Hill,</marc:subfield>
      <marc:subfield code="c">c2010.</marc:subfield>
    </marc:datafield>
    <marc:datafield tag="300" ind1=" " ind2=" ">
      <marc:subfield code="a">xviii, 475 p. :</marc:subfield>
      <marc:subfield code="b">ill. ;</marc:subfield>
      <marc:subfield code="c">24 cm.</marc:subfield>
    </marc:datafield>
    <marc:datafield tag="500" ind1=" " ind2=" ">
      <marc:subfield code="a">Includes index.</marc:subfield>
    </marc:datafield>
    <marc:datafield tag="505" ind1="0" ind2=" ">
      <marc:subfield code="a">Ch. 1. The Propeller chip multicore microcontroller -- Ch. 2. Introduction to Propeller programming -- Ch. 3. Debugging code for multiple cores -- Ch. 4. Sensor basics and multicore sensor examples -- Ch. 5. Wirelessly networking Propeller chips -- Ch. 6. DanceBot, a balancing robot -- Ch. 7. Controlling a robot with computer vision -- Ch. 8. Using multicore for networking applications -- Ch. 9. Portable multivariable GPS tracking and data logger -- Ch. 10. Using the Propeller as a virtual peripheral for media applications -- Ch. 11. The HVAC green house model -- Ch. 12. Synthesizing speech with the Propeller -- Appendix A. Propeller language leference -- Appendix B. Unit abbreviations.</marc:subfield>
    </marc:datafield>
    <marc:datafield tag="650" ind1=" " ind2="0">
      <marc:subfield code="a">Microcontrollers</marc:subfield>
      <marc:subfield code="x">Programming.</marc:subfield>
    </marc:datafield>
    <marc:datafield tag="650" ind1=" " ind2="0">
      <marc:subfield code="a">Automatic control.</marc:subfield>
    </marc:datafield>
    <marc:datafield tag="650" ind1=" " ind2="0">
      <marc:subfield code="a">Parallel processing (Electronic computers)</marc:subfield>
    </marc:datafield>
    <marc:datafield tag="650" ind1=" " ind2="0">
      <marc:subfield code="a">Programmable controllers.</marc:subfield>
    </marc:datafield>
    <marc:datafield tag="710" ind1="2" ind2=" ">
      <marc:subfield code="a">Parallax, Inc.</marc:subfield>
    </marc:datafield>
    <marc:datafield tag="981" ind1=" " ind2=" ">
      <marc:subfield code="a">ENGR BK</marc:subfield>
      <marc:subfield code="5">CaOGU</marc:subfield>
    </marc:datafield>
  </marc:record>