
  <marc:record>
    <marc:leader>00925njm  22002777a 4500</marc:leader>
    <marc:controlfield tag="001">1096112</marc:controlfield>
    <marc:controlfield tag="007">ta</marc:controlfield>
    <marc:controlfield tag="008">900420s1991    njua     b    0011  eng  </marc:controlfield>
    <marc:datafield tag="010" ind1=" " ind2=" ">
      <marc:subfield code="a">   90036115 </marc:subfield>
    </marc:datafield>
    <marc:datafield tag="020" ind1=" " ind2=" ">
      <marc:subfield code="a">0137314981</marc:subfield>
    </marc:datafield>
    <marc:datafield tag="035" ind1=" " ind2=" ">
      <marc:subfield code="9">CaOWtU01228146</marc:subfield>
    </marc:datafield>
    <marc:datafield tag="040" ind1=" " ind2=" ">
      <marc:subfield code="a">DLC</marc:subfield>
      <marc:subfield code="c">DLC</marc:subfield>
      <marc:subfield code="b">eng</marc:subfield>
      <marc:subfield code="d">CaOONL</marc:subfield>
      <marc:subfield code="d">CaOWtU</marc:subfield>
    </marc:datafield>
    <marc:datafield tag="050" ind1="0" ind2="0">
      <marc:subfield code="a">QA76.8.M6895</marc:subfield>
      <marc:subfield code="b">M56 1990</marc:subfield>
    </marc:datafield>
    <marc:datafield tag="090" ind1=" " ind2=" ">
      <marc:subfield code="a">QA76.8.M6895M56 1991</marc:subfield>
    </marc:datafield>
    <marc:datafield tag="100" ind1="1" ind2="0">
      <marc:subfield code="a">Mimar, Tibet,</marc:subfield>
      <marc:subfield code="d">1954-</marc:subfield>
    </marc:datafield>
    <marc:datafield tag="245" ind1="1" ind2="0">
      <marc:subfield code="a">Programming and designing with the 68000 family :</marc:subfield>
      <marc:subfield code="b">including the 68000, the 68010/12, the 68020, and the 68030 /</marc:subfield>
      <marc:subfield code="c">Tibet Mimar. -</marc:subfield>
    </marc:datafield>
    <marc:datafield tag="260" ind1="0" ind2=" ">
      <marc:subfield code="a">Englewood Cliffs, N.J. :</marc:subfield>
      <marc:subfield code="b">Prentice Hall,</marc:subfield>
      <marc:subfield code="c">c1991.</marc:subfield>
    </marc:datafield>
    <marc:datafield tag="300" ind1=" " ind2=" ">
      <marc:subfield code="a">xiii, 641 p. :</marc:subfield>
      <marc:subfield code="b">ill. ;</marc:subfield>
      <marc:subfield code="c">25 cm.</marc:subfield>
    </marc:datafield>
    <marc:datafield tag="504" ind1=" " ind2=" ">
      <marc:subfield code="a">Includes bibliographical references and index.</marc:subfield>
    </marc:datafield>
    <marc:datafield tag="650" ind1=" " ind2="0">
      <marc:subfield code="a">Motorola 68000 series microprocessors</marc:subfield>
      <marc:subfield code="x">Programming.</marc:subfield>
    </marc:datafield>
    <marc:datafield tag="650" ind1=" " ind2="0">
      <marc:subfield code="a">Computer architecture.</marc:subfield>
    </marc:datafield>
    <marc:datafield tag="901" ind1=" " ind2=" ">
      <marc:subfield code="a">01228146</marc:subfield>
    </marc:datafield>
    <marc:datafield tag="997" ind1=" " ind2=" ">
      <marc:subfield code="a">910505</marc:subfield>
      <marc:subfield code="b">IK</marc:subfield>
      <marc:subfield code="c">917786</marc:subfield>
      <marc:subfield code="d">ElEng</marc:subfield>
    </marc:datafield>
  </marc:record>