
  <marc:record>
    <marc:leader>00925njm  22002777a 4500</marc:leader>
    <marc:controlfield tag="001">2496329</marc:controlfield>
    <marc:controlfield tag="003">CaOWtL</marc:controlfield>
    <marc:controlfield tag="007">he bmu---buca</marc:controlfield>
    <marc:controlfield tag="008">880412s1987                 s      eng u</marc:controlfield>
    <marc:datafield tag="035" ind1=" " ind2=" ">
      <marc:subfield code="9">LG049255</marc:subfield>
    </marc:datafield>
    <marc:datafield tag="041" ind1=" " ind2=" ">
      <marc:subfield code="a">eng</marc:subfield>
    </marc:datafield>
    <marc:datafield tag="090" ind1=" " ind2="9">
      <marc:subfield code="a">CA2ON EP72 87R068</marc:subfield>
    </marc:datafield>
    <marc:datafield tag="110" ind1=" " ind2="0">
      <marc:subfield code="a">Ontario Hydro.  Research Division</marc:subfield>
    </marc:datafield>
    <marc:datafield tag="245" ind1=" " ind2=" ">
      <marc:subfield code="a">Programming and erasure of 2732A EPROMS.</marc:subfield>
      <marc:subfield code="h">[Microfiche]</marc:subfield>
    </marc:datafield>
    <marc:datafield tag="260" ind1=" " ind2=" ">
      <marc:subfield code="c">1987</marc:subfield>
    </marc:datafield>
    <marc:datafield tag="300" ind1=" " ind2="0">
      <marc:subfield code="a">[Microfiche]</marc:subfield>
    </marc:datafield>
    <marc:datafield tag="410" ind1="2" ind2=" ">
      <marc:subfield code="a">Ontario Hydro Research Division Report K.</marc:subfield>
      <marc:subfield code="n">87-068</marc:subfield>
    </marc:datafield>
    <marc:datafield tag="700" ind1=" " ind2=" ">
      <marc:subfield code="a">Bruce, J.D.</marc:subfield>
    </marc:datafield>
  </marc:record>