
  <marc:record>
    <marc:leader>00925njm  22002777a 4500</marc:leader>
    <marc:controlfield tag="001">514048</marc:controlfield>
    <marc:controlfield tag="005">20020618140238.0</marc:controlfield>
    <marc:controlfield tag="007">ta</marc:controlfield>
    <marc:controlfield tag="008">      s1973    enk      b    0 0   eng  </marc:controlfield>
    <marc:datafield tag="010" ind1=" " ind2=" ">
      <marc:subfield code="a">   72076092</marc:subfield>
    </marc:datafield>
    <marc:datafield tag="035" ind1=" " ind2=" ">
      <marc:subfield code="9">CaOWtU00341808</marc:subfield>
    </marc:datafield>
    <marc:datafield tag="040" ind1=" " ind2=" ">
      <marc:subfield code="a">DLC</marc:subfield>
      <marc:subfield code="b">eng</marc:subfield>
    </marc:datafield>
    <marc:datafield tag="050" ind1=" " ind2=" ">
      <marc:subfield code="a">HD58.G45</marc:subfield>
    </marc:datafield>
    <marc:datafield tag="090" ind1=" " ind2=" ">
      <marc:subfield code="a">HD58.G45 1973b</marc:subfield>
    </marc:datafield>
    <marc:datafield tag="100" ind1="1" ind2=" ">
      <marc:subfield code="a">Ghosh, Alak,</marc:subfield>
      <marc:subfield code="d">1928-</marc:subfield>
    </marc:datafield>
    <marc:datafield tag="245" ind1="1" ind2="0">
      <marc:subfield code="a">Programming and interregional input-output analysis :</marc:subfield>
      <marc:subfield code="b">an application to the problem of industrial location in India /</marc:subfield>
      <marc:subfield code="c">A. Ghosh in collaboration with A. Chakrabarti. -</marc:subfield>
    </marc:datafield>
    <marc:datafield tag="260" ind1=" " ind2=" ">
      <marc:subfield code="a">Cambridge [Eng.] :</marc:subfield>
      <marc:subfield code="b">University Press,</marc:subfield>
      <marc:subfield code="c">1973.</marc:subfield>
    </marc:datafield>
    <marc:datafield tag="300" ind1=" " ind2=" ">
      <marc:subfield code="a">viii, 104 p. ;</marc:subfield>
      <marc:subfield code="c">24 cm.</marc:subfield>
    </marc:datafield>
    <marc:datafield tag="490" ind1="1" ind2=" ">
      <marc:subfield code="a">Monograph ;</marc:subfield>
      <marc:subfield code="v">22</marc:subfield>
    </marc:datafield>
    <marc:datafield tag="504" ind1=" " ind2=" ">
      <marc:subfield code="a">Bibliography: p. 101.</marc:subfield>
    </marc:datafield>
    <marc:datafield tag="650" ind1=" " ind2="0">
      <marc:subfield code="a">Industrial location</marc:subfield>
      <marc:subfield code="z">India</marc:subfield>
      <marc:subfield code="z">Mathematical models.</marc:subfield>
    </marc:datafield>
    <marc:datafield tag="650" ind1=" " ind2="0">
      <marc:subfield code="a">Linear programming.</marc:subfield>
    </marc:datafield>
    <marc:datafield tag="650" ind1=" " ind2="0">
      <marc:subfield code="a">Input-output analysis.</marc:subfield>
    </marc:datafield>
    <marc:datafield tag="700" ind1="1" ind2="0">
      <marc:subfield code="a">Chakrabarti, A.</marc:subfield>
    </marc:datafield>
    <marc:datafield tag="830" ind1=" " ind2="0">
      <marc:subfield code="a">Monograph (University of Cambridge. Dept. of Applied Economics) ;</marc:subfield>
      <marc:subfield code="v">22</marc:subfield>
    </marc:datafield>
    <marc:datafield tag="901" ind1=" " ind2=" ">
      <marc:subfield code="a">00341808</marc:subfield>
    </marc:datafield>
    <marc:datafield tag="997" ind1=" " ind2=" ">
      <marc:subfield code="a">890215</marc:subfield>
      <marc:subfield code="b">BSC</marc:subfield>
      <marc:subfield code="c">L334449</marc:subfield>
      <marc:subfield code="d"/>
    </marc:datafield>
  </marc:record>