
  <marc:record>
    <marc:leader>00925njm  22002777a 4500</marc:leader>
    <marc:controlfield tag="001">1211397</marc:controlfield>
    <marc:controlfield tag="007">ta</marc:controlfield>
    <marc:controlfield tag="008">950530s1994    si a     b    100 0 eng u</marc:controlfield>
    <marc:datafield tag="010" ind1=" " ind2=" ">
      <marc:subfield code="a">   95106362 </marc:subfield>
    </marc:datafield>
    <marc:datafield tag="020" ind1=" " ind2=" ">
      <marc:subfield code="a">9810217064</marc:subfield>
    </marc:datafield>
    <marc:datafield tag="035" ind1=" " ind2=" ">
      <marc:subfield code="9">CaOWtU01367223</marc:subfield>
    </marc:datafield>
    <marc:datafield tag="039" ind1=" " ind2=" ">
      <marc:subfield code="a">235219983</marc:subfield>
    </marc:datafield>
    <marc:datafield tag="040" ind1=" " ind2=" ">
      <marc:subfield code="a">NcRS</marc:subfield>
      <marc:subfield code="b">eng</marc:subfield>
      <marc:subfield code="c">NcRS</marc:subfield>
      <marc:subfield code="d">IU</marc:subfield>
      <marc:subfield code="d">DLC</marc:subfield>
    </marc:datafield>
    <marc:datafield tag="050" ind1="0" ind2="4">
      <marc:subfield code="a">QC19.2</marc:subfield>
      <marc:subfield code="b">.I543 1993</marc:subfield>
    </marc:datafield>
    <marc:datafield tag="090" ind1=" " ind2=" ">
      <marc:subfield code="a">QC19.2.I543 1994</marc:subfield>
    </marc:datafield>
    <marc:datafield tag="111" ind1="2" ind2=" ">
      <marc:subfield code="a">International Conference on Programming and Mathematical Methods for Solving Physical Problems</marc:subfield>
      <marc:subfield code="d">(1993 :</marc:subfield>
      <marc:subfield code="c">Dubna, Chekhovskiĭ raĭon, Russia)</marc:subfield>
    </marc:datafield>
    <marc:datafield tag="245" ind1="1" ind2="0">
      <marc:subfield code="a">Programming and mathematical techniques in physics :</marc:subfield>
      <marc:subfield code="b">International Conference on Programming and Mathematical Methods for Solving Physical Problems /</marc:subfield>
      <marc:subfield code="c">editors, Yu. Yu. Lobanov, E.P. Zhidkov.</marc:subfield>
    </marc:datafield>
    <marc:datafield tag="260" ind1=" " ind2=" ">
      <marc:subfield code="a">Singapore ;</marc:subfield>
      <marc:subfield code="a">River Edge, NJ :</marc:subfield>
      <marc:subfield code="b">World Scientific,</marc:subfield>
      <marc:subfield code="c">c1994.</marc:subfield>
    </marc:datafield>
    <marc:datafield tag="300" ind1=" " ind2=" ">
      <marc:subfield code="a">xv, 307 p. :</marc:subfield>
      <marc:subfield code="b">ill. ;</marc:subfield>
      <marc:subfield code="c">23 cm.</marc:subfield>
    </marc:datafield>
    <marc:datafield tag="504" ind1=" " ind2=" ">
      <marc:subfield code="a">Includes bibliographical references.</marc:subfield>
    </marc:datafield>
    <marc:datafield tag="650" ind1=" " ind2="0">
      <marc:subfield code="a">Mathematical physics</marc:subfield>
      <marc:subfield code="x">Congresses.</marc:subfield>
    </marc:datafield>
    <marc:datafield tag="650" ind1=" " ind2="0">
      <marc:subfield code="a">Programming (Mathematics)</marc:subfield>
      <marc:subfield code="x">Congresses.</marc:subfield>
    </marc:datafield>
    <marc:datafield tag="650" ind1=" " ind2="0">
      <marc:subfield code="a">Physics</marc:subfield>
      <marc:subfield code="x">Mathematical models</marc:subfield>
      <marc:subfield code="x">Congresses.</marc:subfield>
    </marc:datafield>
    <marc:datafield tag="700" ind1="1" ind2="0">
      <marc:subfield code="a">Lobanov, Yu. Yu.</marc:subfield>
    </marc:datafield>
    <marc:datafield tag="700" ind1="1" ind2="0">
      <marc:subfield code="a">Zhidkov, E. P.</marc:subfield>
    </marc:datafield>
    <marc:datafield tag="901" ind1=" " ind2=" ">
      <marc:subfield code="a">01367223</marc:subfield>
    </marc:datafield>
    <marc:datafield tag="997" ind1=" " ind2=" ">
      <marc:subfield code="a">950531</marc:subfield>
      <marc:subfield code="b">MN</marc:subfield>
    </marc:datafield>
  </marc:record>