
  <marc:record>
    <marc:leader>00925njm  22002777a 4500</marc:leader>
    <marc:controlfield tag="001">1096332</marc:controlfield>
    <marc:controlfield tag="005">20090910112615.0</marc:controlfield>
    <marc:controlfield tag="007">ta</marc:controlfield>
    <marc:controlfield tag="008">      s1989    xxua     b    1 0   eng  </marc:controlfield>
    <marc:datafield tag="035" ind1=" " ind2=" ">
      <marc:subfield code="9">CaOWtU01228457</marc:subfield>
    </marc:datafield>
    <marc:datafield tag="040" ind1=" " ind2=" ">
      <marc:subfield code="a">CaOWtU</marc:subfield>
      <marc:subfield code="b">eng</marc:subfield>
    </marc:datafield>
    <marc:datafield tag="090" ind1=" " ind2=" ">
      <marc:subfield code="a">Q334.I575x 1989 v. SP3</marc:subfield>
    </marc:datafield>
    <marc:datafield tag="100" ind1="1" ind2="0">
      <marc:subfield code="a">Bobrow, Daniel G.</marc:subfield>
      <marc:subfield code="q">(Daniel Gureasko),</marc:subfield>
      <marc:subfield code="d">1935-</marc:subfield>
    </marc:datafield>
    <marc:datafield tag="245" ind1="1" ind2="0">
      <marc:subfield code="a">Programming and metaprogramming in the Common Lisp object system /</marc:subfield>
      <marc:subfield code="c">Daniel Bobrow, Gregor Kiczales. -</marc:subfield>
    </marc:datafield>
    <marc:datafield tag="260" ind1="1" ind2=" ">
      <marc:subfield code="a">[United States :</marc:subfield>
      <marc:subfield code="b">s.n.],</marc:subfield>
      <marc:subfield code="c">c1989.</marc:subfield>
    </marc:datafield>
    <marc:datafield tag="300" ind1=" " ind2=" ">
      <marc:subfield code="a">163 p. :</marc:subfield>
      <marc:subfield code="b">ill. ;</marc:subfield>
      <marc:subfield code="c">28 cm. -</marc:subfield>
    </marc:datafield>
    <marc:datafield tag="490" ind1="1" ind2=" ">
      <marc:subfield code="a">Tutorial ;</marc:subfield>
      <marc:subfield code="v">SP3</marc:subfield>
    </marc:datafield>
    <marc:datafield tag="500" ind1=" " ind2=" ">
      <marc:subfield code="a">Eleventh International Joint Conference on Artificial Intelligence, Tutorial Program, 2:00 pm - 6:00 pm, Sunday, August 20.</marc:subfield>
    </marc:datafield>
    <marc:datafield tag="504" ind1=" " ind2=" ">
      <marc:subfield code="a">Bibliography: p. 163.</marc:subfield>
    </marc:datafield>
    <marc:datafield tag="650" ind1=" " ind2="0">
      <marc:subfield code="a">COMMON LISP (Computer program language)</marc:subfield>
      <marc:subfield code="x">Congresses.</marc:subfield>
    </marc:datafield>
    <marc:datafield tag="650" ind1=" " ind2="0">
      <marc:subfield code="a">Object-oriented programming (Computer science)</marc:subfield>
      <marc:subfield code="x">Congresses.</marc:subfield>
    </marc:datafield>
    <marc:datafield tag="700" ind1="1" ind2="0">
      <marc:subfield code="a">Kiczales, Gregor.</marc:subfield>
    </marc:datafield>
    <marc:datafield tag="811" ind1="2" ind2=" ">
      <marc:subfield code="a">International Joint Conference on Artificial Intelligence</marc:subfield>
      <marc:subfield code="n">(11th :</marc:subfield>
      <marc:subfield code="d">1989 :</marc:subfield>
      <marc:subfield code="c">Detroit, Mich.).</marc:subfield>
      <marc:subfield code="t">Tutorial ;</marc:subfield>
      <marc:subfield code="v">SP3.</marc:subfield>
    </marc:datafield>
    <marc:datafield tag="901" ind1=" " ind2=" ">
      <marc:subfield code="a">01228457</marc:subfield>
    </marc:datafield>
    <marc:datafield tag="997" ind1=" " ind2=" ">
      <marc:subfield code="a">910513</marc:subfield>
      <marc:subfield code="b">LH</marc:subfield>
      <marc:subfield code="c">903747</marc:subfield>
      <marc:subfield code="d">CS</marc:subfield>
    </marc:datafield>
  </marc:record>