
  <marc:record>
    <marc:leader>00925njm  22002777a 4500</marc:leader>
    <marc:controlfield tag="001">2972288</marc:controlfield>
    <marc:controlfield tag="003">CaOWtL</marc:controlfield>
    <marc:controlfield tag="007">ta</marc:controlfield>
    <marc:controlfield tag="008">730815s1973    caua     b    0011  eng l</marc:controlfield>
    <marc:datafield tag="010" ind1=" " ind2=" ">
      <marc:subfield code="a">   72090938</marc:subfield>
    </marc:datafield>
    <marc:datafield tag="020" ind1=" " ind2=" ">
      <marc:subfield code="a">0818500573</marc:subfield>
    </marc:datafield>
    <marc:datafield tag="035" ind1=" " ind2=" ">
      <marc:subfield code="9">LM376013</marc:subfield>
    </marc:datafield>
    <marc:datafield tag="040" ind1=" " ind2=" ">
      <marc:subfield code="a">DLC eng CaOONL</marc:subfield>
    </marc:datafield>
    <marc:datafield tag="090" ind1=" " ind2="1">
      <marc:subfield code="a">T57.6</marc:subfield>
      <marc:subfield code="b">.G38</marc:subfield>
    </marc:datafield>
    <marc:datafield tag="100" ind1=" " ind2="0">
      <marc:subfield code="a">Gaver, Donald P.</marc:subfield>
    </marc:datafield>
    <marc:datafield tag="245" ind1="1" ind2="0">
      <marc:subfield code="a">Programming and probability models in operations research /</marc:subfield>
      <marc:subfield code="c">Donald P. Gaver, Gerald L. Thompson.</marc:subfield>
    </marc:datafield>
    <marc:datafield tag="260" ind1=" " ind2=" ">
      <marc:subfield code="a">Monterey, Calif :</marc:subfield>
      <marc:subfield code="b">Brooks/Cole,</marc:subfield>
      <marc:subfield code="c">1973.</marc:subfield>
    </marc:datafield>
    <marc:datafield tag="300" ind1=" " ind2="0">
      <marc:subfield code="a">xiii, 683 p. : ill. ; 26 cm.</marc:subfield>
    </marc:datafield>
    <marc:datafield tag="504" ind1=" " ind2=" ">
      <marc:subfield code="a">Includes bibliographies.</marc:subfield>
    </marc:datafield>
    <marc:datafield tag="650" ind1=" " ind2="0">
      <marc:subfield code="a">Operations research.</marc:subfield>
    </marc:datafield>
    <marc:datafield tag="650" ind1=" " ind2="0">
      <marc:subfield code="a">Mathematical models.</marc:subfield>
    </marc:datafield>
    <marc:datafield tag="650" ind1=" " ind2="0">
      <marc:subfield code="a">Programming (Mathematics).</marc:subfield>
    </marc:datafield>
    <marc:datafield tag="700" ind1=" " ind2=" ">
      <marc:subfield code="a">Thompson, Gerald Luther, </marc:subfield>
      <marc:subfield code="d">1923-</marc:subfield>
    </marc:datafield>
  </marc:record>