
  <marc:record>
    <marc:leader>00925njm  22002777a 4500</marc:leader>
    <marc:controlfield tag="001">2623568</marc:controlfield>
    <marc:controlfield tag="005">20000127170335.0</marc:controlfield>
    <marc:controlfield tag="007">ta</marc:controlfield>
    <marc:controlfield tag="008">780607s1977    enka     b    0011  eng l</marc:controlfield>
    <marc:datafield tag="010" ind1=" " ind2=" ">
      <marc:subfield code="a">   78306642</marc:subfield>
    </marc:datafield>
    <marc:datafield tag="020" ind1=" " ind2=" ">
      <marc:subfield code="a">0333217160</marc:subfield>
    </marc:datafield>
    <marc:datafield tag="035" ind1=" " ind2=" ">
      <marc:subfield code="9">LM303609</marc:subfield>
    </marc:datafield>
    <marc:datafield tag="040" ind1=" " ind2=" ">
      <marc:subfield code="a">DLC eng CaOONL</marc:subfield>
    </marc:datafield>
    <marc:datafield tag="090" ind1=" " ind2="1">
      <marc:subfield code="a">QA76.73</marc:subfield>
      <marc:subfield code="b">.A24C64 1984</marc:subfield>
    </marc:datafield>
    <marc:datafield tag="100" ind1="1" ind2="0">
      <marc:subfield code="a">Colin, Andrew John Theodore, </marc:subfield>
      <marc:subfield code="d">1936-</marc:subfield>
    </marc:datafield>
    <marc:datafield tag="245" ind1="1" ind2="0">
      <marc:subfield code="a">Programming and problem-solving in Algol 68 /</marc:subfield>
      <marc:subfield code="c">Andrew J. T. Colin. -</marc:subfield>
    </marc:datafield>
    <marc:datafield tag="260" ind1=" " ind2=" ">
      <marc:subfield code="a">London :</marc:subfield>
      <marc:subfield code="b">Macmillan,</marc:subfield>
      <marc:subfield code="c">1977</marc:subfield>
    </marc:datafield>
    <marc:datafield tag="300" ind1=" " ind2="0">
      <marc:subfield code="a">251 p. : ill. ; 24 cm. -</marc:subfield>
    </marc:datafield>
    <marc:datafield tag="490" ind1="0" ind2=" ">
      <marc:subfield code="a">Macmillan computer science series</marc:subfield>
    </marc:datafield>
    <marc:datafield tag="500" ind1=" " ind2=" ">
      <marc:subfield code="a">Includes index.</marc:subfield>
    </marc:datafield>
    <marc:datafield tag="504" ind1=" " ind2=" ">
      <marc:subfield code="a">Bibliography: p. [227]-228.</marc:subfield>
    </marc:datafield>
    <marc:datafield tag="650" ind1=" " ind2="0">
      <marc:subfield code="a">ALGOL (Computer program language)</marc:subfield>
    </marc:datafield>
    <marc:datafield tag="650" ind1=" " ind2="0">
      <marc:subfield code="a">Computer programming.</marc:subfield>
    </marc:datafield>
    <marc:datafield tag="650" ind1=" " ind2="0">
      <marc:subfield code="a">Problem solving</marc:subfield>
      <marc:subfield code="x">Data processing.</marc:subfield>
    </marc:datafield>
  </marc:record>