
  <marc:record>
    <marc:leader>00925njm  22002777a 4500</marc:leader>
    <marc:controlfield tag="001">932813</marc:controlfield>
    <marc:controlfield tag="005">19991127043737.0</marc:controlfield>
    <marc:controlfield tag="007">ta</marc:controlfield>
    <marc:controlfield tag="008">860205s1983    caua          0 0   eng  </marc:controlfield>
    <marc:datafield tag="035" ind1=" " ind2=" ">
      <marc:subfield code="9">CaOWtU01032749</marc:subfield>
    </marc:datafield>
    <marc:datafield tag="040" ind1=" " ind2=" ">
      <marc:subfield code="a">CaOWtU</marc:subfield>
      <marc:subfield code="b">eng</marc:subfield>
    </marc:datafield>
    <marc:datafield tag="090" ind1=" " ind2=" ">
      <marc:subfield code="a">QA76.S72x no. 989</marc:subfield>
    </marc:datafield>
    <marc:datafield tag="100" ind1="1" ind2=" ">
      <marc:subfield code="a">Knuth, Donald Ervin,</marc:subfield>
      <marc:subfield code="d">1938-</marc:subfield>
    </marc:datafield>
    <marc:datafield tag="245" ind1="1" ind2="2">
      <marc:subfield code="a">A programming and problem-solving seminar /</marc:subfield>
      <marc:subfield code="c">by Donald E. Knuth and Joseph S. Weening.</marc:subfield>
    </marc:datafield>
    <marc:datafield tag="260" ind1=" " ind2=" ">
      <marc:subfield code="a">Stanford, CA :</marc:subfield>
      <marc:subfield code="b">Dept. of Computer Science, Stanford University,</marc:subfield>
      <marc:subfield code="c">1983.</marc:subfield>
    </marc:datafield>
    <marc:datafield tag="300" ind1=" " ind2=" ">
      <marc:subfield code="a">91 p. ;</marc:subfield>
      <marc:subfield code="c">28 cm.</marc:subfield>
    </marc:datafield>
    <marc:datafield tag="490" ind1="1" ind2=" ">
      <marc:subfield code="a">Report ;</marc:subfield>
      <marc:subfield code="v">no. STAN-CS-83-989</marc:subfield>
    </marc:datafield>
    <marc:datafield tag="500" ind1=" " ind2=" ">
      <marc:subfield code="a">" ... contains edited transcripts of the discussions held in Stanford's course CS204 ... 1981."</marc:subfield>
    </marc:datafield>
    <marc:datafield tag="650" ind1=" " ind2="0">
      <marc:subfield code="a">Computer programming</marc:subfield>
    </marc:datafield>
    <marc:datafield tag="650" ind1=" " ind2="0">
      <marc:subfield code="a">Problem solving.</marc:subfield>
    </marc:datafield>
    <marc:datafield tag="700" ind1="1" ind2="0">
      <marc:subfield code="a">Weening, Joseph S.</marc:subfield>
    </marc:datafield>
    <marc:datafield tag="830" ind1=" " ind2="0">
      <marc:subfield code="a">Report (Stanford University. Computer Science Dept.) ;</marc:subfield>
      <marc:subfield code="v">no. STAN-CS-83-989.</marc:subfield>
    </marc:datafield>
    <marc:datafield tag="901" ind1=" " ind2=" ">
      <marc:subfield code="a">01032749</marc:subfield>
    </marc:datafield>
    <marc:datafield tag="997" ind1=" " ind2=" ">
      <marc:subfield code="a">930202</marc:subfield>
      <marc:subfield code="b">MWC</marc:subfield>
      <marc:subfield code="c">842459</marc:subfield>
      <marc:subfield code="d">CS</marc:subfield>
    </marc:datafield>
  </marc:record>