
  <marc:record>
    <marc:leader>00925njm  22002777a 4500</marc:leader>
    <marc:controlfield tag="001">1116190</marc:controlfield>
    <marc:controlfield tag="005">20010123155303.0</marc:controlfield>
    <marc:controlfield tag="007">ta</marc:controlfield>
    <marc:controlfield tag="008">      s1985    caua     b    0 0   eng  </marc:controlfield>
    <marc:datafield tag="035" ind1=" " ind2=" ">
      <marc:subfield code="9">CaOWtU01251326</marc:subfield>
    </marc:datafield>
    <marc:datafield tag="040" ind1=" " ind2=" ">
      <marc:subfield code="a">CaOWtU</marc:subfield>
      <marc:subfield code="b">eng</marc:subfield>
    </marc:datafield>
    <marc:datafield tag="090" ind1=" " ind2=" ">
      <marc:subfield code="a">QA76.S72x no. 1072</marc:subfield>
    </marc:datafield>
    <marc:datafield tag="100" ind1="1" ind2=" ">
      <marc:subfield code="a">Mayr, Ernst.</marc:subfield>
    </marc:datafield>
    <marc:datafield tag="245" ind1="1" ind2="2">
      <marc:subfield code="a">A programming and problem-solving seminar /</marc:subfield>
      <marc:subfield code="c">by Ernst W. Mayr, Richard J. Anderson, Peter H. Hochschild. -</marc:subfield>
    </marc:datafield>
    <marc:datafield tag="260" ind1=" " ind2=" ">
      <marc:subfield code="a">Stanford, CA :</marc:subfield>
      <marc:subfield code="b">Dept. of Computer Science, Stanford University,</marc:subfield>
      <marc:subfield code="c">1985.</marc:subfield>
    </marc:datafield>
    <marc:datafield tag="300" ind1=" " ind2=" ">
      <marc:subfield code="a">i, 66 p. :</marc:subfield>
      <marc:subfield code="b">ill. ;</marc:subfield>
      <marc:subfield code="c">28 cm. -</marc:subfield>
    </marc:datafield>
    <marc:datafield tag="490" ind1="1" ind2=" ">
      <marc:subfield code="a">Report ;</marc:subfield>
      <marc:subfield code="v">no. STAN-CS-85-1072</marc:subfield>
    </marc:datafield>
    <marc:datafield tag="500" ind1=" " ind2=" ">
      <marc:subfield code="a">"... edited transcripts of ... course CS204, Problem Seminar ... 1984".</marc:subfield>
    </marc:datafield>
    <marc:datafield tag="536" ind1=" " ind2=" ">
      <marc:subfield code="a">Report partially supported by NSF grant.</marc:subfield>
      <marc:subfield code="c">MCS-82-03405</marc:subfield>
    </marc:datafield>
    <marc:datafield tag="536" ind1=" " ind2=" ">
      <marc:subfield code="a">Report partially supported by NSF grant.</marc:subfield>
      <marc:subfield code="c">DCR-8351757</marc:subfield>
    </marc:datafield>
    <marc:datafield tag="650" ind1=" " ind2="0">
      <marc:subfield code="a">Pythagorean theorem</marc:subfield>
      <marc:subfield code="x">Computer programs.</marc:subfield>
    </marc:datafield>
    <marc:datafield tag="650" ind1=" " ind2="0">
      <marc:subfield code="a">Multiprocessors</marc:subfield>
      <marc:subfield code="x">Programming.</marc:subfield>
    </marc:datafield>
    <marc:datafield tag="650" ind1=" " ind2="0">
      <marc:subfield code="a">Additive functions</marc:subfield>
      <marc:subfield code="x">Computer programs.</marc:subfield>
    </marc:datafield>
    <marc:datafield tag="650" ind1=" " ind2="0">
      <marc:subfield code="a">Computer graphics</marc:subfield>
      <marc:subfield code="x">Computer programs.</marc:subfield>
    </marc:datafield>
    <marc:datafield tag="650" ind1=" " ind2="0">
      <marc:subfield code="a">Combinatorial optimization</marc:subfield>
      <marc:subfield code="x">Computer programs.</marc:subfield>
    </marc:datafield>
    <marc:datafield tag="700" ind1="1" ind2="0">
      <marc:subfield code="a">Anderson, Richard J.</marc:subfield>
    </marc:datafield>
    <marc:datafield tag="700" ind1="1" ind2="0">
      <marc:subfield code="a">Hochschild, Peter H.</marc:subfield>
    </marc:datafield>
    <marc:datafield tag="830" ind1=" " ind2="0">
      <marc:subfield code="a">Report (Stanford University. Computer Science Dept.) ;</marc:subfield>
      <marc:subfield code="v">no. STAN-CS-85-1072.</marc:subfield>
    </marc:datafield>
    <marc:datafield tag="901" ind1=" " ind2=" ">
      <marc:subfield code="a">01251326</marc:subfield>
    </marc:datafield>
    <marc:datafield tag="997" ind1=" " ind2=" ">
      <marc:subfield code="a">911210</marc:subfield>
      <marc:subfield code="b">MW</marc:subfield>
      <marc:subfield code="d">X-EMS</marc:subfield>
    </marc:datafield>
  </marc:record>