
  <marc:record>
    <marc:leader>00925njm  22002777a 4500</marc:leader>
    <marc:controlfield tag="001">1107236</marc:controlfield>
    <marc:controlfield tag="007">ta</marc:controlfield>
    <marc:controlfield tag="008">910917s1985    cauac         0 0   eng  </marc:controlfield>
    <marc:datafield tag="035" ind1=" " ind2=" ">
      <marc:subfield code="9">CaOWtU01241012</marc:subfield>
    </marc:datafield>
    <marc:datafield tag="040" ind1=" " ind2=" ">
      <marc:subfield code="a">CaOWtU</marc:subfield>
      <marc:subfield code="b">eng</marc:subfield>
    </marc:datafield>
    <marc:datafield tag="090" ind1=" " ind2=" ">
      <marc:subfield code="a">QA76.S72x no. 1055</marc:subfield>
    </marc:datafield>
    <marc:datafield tag="100" ind1="1" ind2=" ">
      <marc:subfield code="a">Haddad, Ramsey W.</marc:subfield>
    </marc:datafield>
    <marc:datafield tag="245" ind1="1" ind2="2">
      <marc:subfield code="a">A programming and problem-solving seminar /</marc:subfield>
      <marc:subfield code="c">by Ramsey W. Haddad and Donald E. Knuth.</marc:subfield>
    </marc:datafield>
    <marc:datafield tag="260" ind1=" " ind2=" ">
      <marc:subfield code="a">Stanford :</marc:subfield>
      <marc:subfield code="b">Stanford University, Computer Science Dept.,</marc:subfield>
      <marc:subfield code="c">[1985]</marc:subfield>
    </marc:datafield>
    <marc:datafield tag="300" ind1=" " ind2=" ">
      <marc:subfield code="a">103 p. :</marc:subfield>
      <marc:subfield code="b">ill., ports. ;</marc:subfield>
      <marc:subfield code="c">28 cm.</marc:subfield>
    </marc:datafield>
    <marc:datafield tag="490" ind1="1" ind2=" ">
      <marc:subfield code="a">Report ;</marc:subfield>
      <marc:subfield code="v">no. STAN-CS-85-1055</marc:subfield>
    </marc:datafield>
    <marc:datafield tag="500" ind1=" " ind2=" ">
      <marc:subfield code="a">"This report contains edited transcripts of the discussions held in Stanford's course CS 204, Problem Seminar, during winter quarter 1985."</marc:subfield>
    </marc:datafield>
    <marc:datafield tag="650" ind1=" " ind2="0">
      <marc:subfield code="a">Programming (Mathematics)</marc:subfield>
    </marc:datafield>
    <marc:datafield tag="650" ind1=" " ind2="0">
      <marc:subfield code="a">Problem solving.</marc:subfield>
    </marc:datafield>
    <marc:datafield tag="700" ind1="1" ind2="0">
      <marc:subfield code="a">Knuth, Donald Ervin,</marc:subfield>
      <marc:subfield code="d">1938-</marc:subfield>
    </marc:datafield>
    <marc:datafield tag="710" ind1="2" ind2="0">
      <marc:subfield code="a">Stanford University.</marc:subfield>
      <marc:subfield code="b">Computer Science Dept.</marc:subfield>
    </marc:datafield>
    <marc:datafield tag="830" ind1=" " ind2="0">
      <marc:subfield code="a">Report (Stanford University. Computer Science Dept.) ;</marc:subfield>
      <marc:subfield code="v">no. STAN-CS-85-1055.</marc:subfield>
    </marc:datafield>
    <marc:datafield tag="901" ind1=" " ind2=" ">
      <marc:subfield code="a">01241012</marc:subfield>
    </marc:datafield>
    <marc:datafield tag="997" ind1=" " ind2=" ">
      <marc:subfield code="a">930128</marc:subfield>
      <marc:subfield code="b">LSC</marc:subfield>
      <marc:subfield code="d">X-EMS</marc:subfield>
    </marc:datafield>
  </marc:record>