
  <marc:record>
    <marc:leader>00925njm  22002777a 4500</marc:leader>
    <marc:controlfield tag="001">1120912</marc:controlfield>
    <marc:controlfield tag="005">20000127165703.0</marc:controlfield>
    <marc:controlfield tag="007">ta</marc:controlfield>
    <marc:controlfield tag="008">920214s1987    cau           0 0   eng  </marc:controlfield>
    <marc:datafield tag="035" ind1=" " ind2=" ">
      <marc:subfield code="9">CaOWtU01257333</marc:subfield>
    </marc:datafield>
    <marc:datafield tag="040" ind1=" " ind2=" ">
      <marc:subfield code="a">CaOWtU</marc:subfield>
      <marc:subfield code="b">eng</marc:subfield>
    </marc:datafield>
    <marc:datafield tag="090" ind1=" " ind2=" ">
      <marc:subfield code="a">QA76.S72x no. 1154</marc:subfield>
    </marc:datafield>
    <marc:datafield tag="100" ind1="1" ind2=" ">
      <marc:subfield code="a">Rokicki, Tomas G.</marc:subfield>
    </marc:datafield>
    <marc:datafield tag="245" ind1="1" ind2="2">
      <marc:subfield code="a">A programming and problem-solving seminar /</marc:subfield>
      <marc:subfield code="c">by Tomas G. Rokicki and Donald E. Knuth.</marc:subfield>
    </marc:datafield>
    <marc:datafield tag="260" ind1=" " ind2=" ">
      <marc:subfield code="a">Stanford, CA :</marc:subfield>
      <marc:subfield code="b">Dept. of Computer Science, Stanford University,</marc:subfield>
      <marc:subfield code="c">1987.</marc:subfield>
    </marc:datafield>
    <marc:datafield tag="300" ind1=" " ind2=" ">
      <marc:subfield code="a">89 p. ;</marc:subfield>
      <marc:subfield code="c">28 cm.</marc:subfield>
    </marc:datafield>
    <marc:datafield tag="490" ind1="1" ind2=" ">
      <marc:subfield code="a">Report ;</marc:subfield>
      <marc:subfield code="v">no. STAN-CS-87-1154</marc:subfield>
    </marc:datafield>
    <marc:datafield tag="500" ind1=" " ind2=" ">
      <marc:subfield code="a">"This report contains edited transcripts of the discussions held in Stanford's course CS304, Problem Seminar, during winter quarter 1987".</marc:subfield>
    </marc:datafield>
    <marc:datafield tag="650" ind1=" " ind2="0">
      <marc:subfield code="a">Computer programming.</marc:subfield>
    </marc:datafield>
    <marc:datafield tag="650" ind1=" " ind2="0">
      <marc:subfield code="a">Problem solving</marc:subfield>
      <marc:subfield code="x">Data processing.</marc:subfield>
    </marc:datafield>
    <marc:datafield tag="700" ind1="1" ind2="0">
      <marc:subfield code="a">Knuth, Donald Ervin,</marc:subfield>
      <marc:subfield code="d">1938-</marc:subfield>
    </marc:datafield>
    <marc:datafield tag="830" ind1=" " ind2="0">
      <marc:subfield code="a">Report (Stanford University. Computer Science Dept.) ;</marc:subfield>
      <marc:subfield code="v">no. STAN-CS-87-1154.</marc:subfield>
    </marc:datafield>
    <marc:datafield tag="901" ind1=" " ind2=" ">
      <marc:subfield code="a">01257333</marc:subfield>
    </marc:datafield>
    <marc:datafield tag="997" ind1=" " ind2=" ">
      <marc:subfield code="a">920214</marc:subfield>
      <marc:subfield code="b">LH</marc:subfield>
      <marc:subfield code="d">X-EMS</marc:subfield>
    </marc:datafield>
  </marc:record>