
  <marc:record>
    <marc:leader>00925njm  22002777a 4500</marc:leader>
    <marc:controlfield tag="001">735181</marc:controlfield>
    <marc:controlfield tag="005">20000207134344.0</marc:controlfield>
    <marc:controlfield tag="007">he umu---bucu</marc:controlfield>
    <marc:controlfield tag="008">800121r19791979caua    b     0 0   eng  </marc:controlfield>
    <marc:datafield tag="035" ind1=" " ind2=" ">
      <marc:subfield code="9">CaOWtU00732918</marc:subfield>
    </marc:datafield>
    <marc:datafield tag="040" ind1=" " ind2=" ">
      <marc:subfield code="a">CaOWtU</marc:subfield>
      <marc:subfield code="b">eng</marc:subfield>
    </marc:datafield>
    <marc:datafield tag="090" ind1=" " ind2=" ">
      <marc:subfield code="a">MFCL 1883 no. 707</marc:subfield>
    </marc:datafield>
    <marc:datafield tag="100" ind1="1" ind2=" ">
      <marc:subfield code="a">Van Wyk, Christopher J.</marc:subfield>
    </marc:datafield>
    <marc:datafield tag="245" ind1="1" ind2="2">
      <marc:subfield code="a">A programming and problem-solving seminar</marc:subfield>
      <marc:subfield code="h">[microform] /</marc:subfield>
      <marc:subfield code="c">Christopher J. Van Wyk and Donald E. Knuth.</marc:subfield>
    </marc:datafield>
    <marc:datafield tag="260" ind1=" " ind2=" ">
      <marc:subfield code="a">Stanford :</marc:subfield>
      <marc:subfield code="b">Stanford University, Computer Science Dept.,</marc:subfield>
      <marc:subfield code="c">1979.</marc:subfield>
    </marc:datafield>
    <marc:datafield tag="300" ind1=" " ind2=" ">
      <marc:subfield code="a">[84] p. :</marc:subfield>
      <marc:subfield code="b">ill.</marc:subfield>
    </marc:datafield>
    <marc:datafield tag="490" ind1="1" ind2=" ">
      <marc:subfield code="a">[Report] / Stanford University, Computer Science Dept. ;</marc:subfield>
      <marc:subfield code="v">STAN-CS?79-707</marc:subfield>
    </marc:datafield>
    <marc:datafield tag="500" ind1=" " ind2=" ">
      <marc:subfield code="a">Report contains edited transcripts of the discussions held in Stanford&amp;s course CS204, Problem seminar, during Autumn quater, 1978----."</marc:subfield>
    </marc:datafield>
    <marc:datafield tag="533" ind1=" " ind2=" ">
      <marc:subfield code="a">Microfiche.</marc:subfield>
      <marc:subfield code="b">[S.l. :</marc:subfield>
      <marc:subfield code="c">s.n.],</marc:subfield>
      <marc:subfield code="d">1979. -</marc:subfield>
      <marc:subfield code="e">1 microfiche ; 11 x 15 cm.</marc:subfield>
    </marc:datafield>
    <marc:datafield tag="650" ind1=" " ind2="0">
      <marc:subfield code="a">Computer programming</marc:subfield>
      <marc:subfield code="v">Problems, exercises, etc.</marc:subfield>
    </marc:datafield>
    <marc:datafield tag="700" ind1="1" ind2=" ">
      <marc:subfield code="a">Knuth, Donald Ervin,</marc:subfield>
      <marc:subfield code="d">1938-</marc:subfield>
    </marc:datafield>
    <marc:datafield tag="830" ind1=" " ind2="0">
      <marc:subfield code="a">Report (Stanford University. Computer Science Dept.) ;</marc:subfield>
      <marc:subfield code="v">no. STAN-CS-79-707.</marc:subfield>
    </marc:datafield>
    <marc:datafield tag="901" ind1=" " ind2=" ">
      <marc:subfield code="a">00732918</marc:subfield>
    </marc:datafield>
    <marc:datafield tag="997" ind1=" " ind2=" ">
      <marc:subfield code="a">930203</marc:subfield>
      <marc:subfield code="b">ACC</marc:subfield>
      <marc:subfield code="d">GE</marc:subfield>
    </marc:datafield>
  </marc:record>