
  <marc:record>
    <marc:leader>00925njm  22002777a 4500</marc:leader>
    <marc:controlfield tag="001">693029</marc:controlfield>
    <marc:controlfield tag="005">19991127043550.0</marc:controlfield>
    <marc:controlfield tag="007">he umu---bucu</marc:controlfield>
    <marc:controlfield tag="008">781004r19771977caua    b     0 0   eng  </marc:controlfield>
    <marc:datafield tag="035" ind1=" " ind2=" ">
      <marc:subfield code="9">CaOWtU00666601</marc:subfield>
    </marc:datafield>
    <marc:datafield tag="040" ind1=" " ind2=" ">
      <marc:subfield code="a">CaOWtU</marc:subfield>
      <marc:subfield code="b">eng</marc:subfield>
    </marc:datafield>
    <marc:datafield tag="090" ind1=" " ind2=" ">
      <marc:subfield code="a">MFCL 1883 no. 606</marc:subfield>
    </marc:datafield>
    <marc:datafield tag="100" ind1="1" ind2=" ">
      <marc:subfield code="a">Clancy, Michael J.</marc:subfield>
    </marc:datafield>
    <marc:datafield tag="245" ind1="1" ind2="2">
      <marc:subfield code="a">A programming and problem-solving seminar</marc:subfield>
      <marc:subfield code="h">[microform] /</marc:subfield>
      <marc:subfield code="c">Michael J. Clancy and Donald E. Knuth.</marc:subfield>
    </marc:datafield>
    <marc:datafield tag="260" ind1=" " ind2=" ">
      <marc:subfield code="a">Stanford :</marc:subfield>
      <marc:subfield code="b">Stanford University, Computer Science Dept.,</marc:subfield>
      <marc:subfield code="c">1977.</marc:subfield>
    </marc:datafield>
    <marc:datafield tag="300" ind1=" " ind2=" ">
      <marc:subfield code="a">iv, 99 p. :</marc:subfield>
      <marc:subfield code="b">ill.</marc:subfield>
    </marc:datafield>
    <marc:datafield tag="490" ind1="1" ind2=" ">
      <marc:subfield code="a">[Report] / Stanford University, Computer Science Dept. ;</marc:subfield>
      <marc:subfield code="v">STAN-CS-77-606</marc:subfield>
    </marc:datafield>
    <marc:datafield tag="533" ind1=" " ind2=" ">
      <marc:subfield code="a">Microfiche of typescript.</marc:subfield>
      <marc:subfield code="b">[S.l. :</marc:subfield>
      <marc:subfield code="c">s.n.],</marc:subfield>
      <marc:subfield code="d">1977. -</marc:subfield>
      <marc:subfield code="e">2 microfiches : negative ; 11x15 cm.</marc:subfield>
    </marc:datafield>
    <marc:datafield tag="650" ind1=" " ind2="0">
      <marc:subfield code="a">Computer programming</marc:subfield>
    </marc:datafield>
    <marc:datafield tag="650" ind1=" " ind2="0">
      <marc:subfield code="a">Problem solving.</marc:subfield>
    </marc:datafield>
    <marc:datafield tag="700" ind1="1" ind2="0">
      <marc:subfield code="a">Knuth, Donald Ervin,</marc:subfield>
      <marc:subfield code="d">1938-</marc:subfield>
    </marc:datafield>
    <marc:datafield tag="830" ind1=" " ind2="0">
      <marc:subfield code="a">Report (Stanford University. Computer Science Dept.) ;</marc:subfield>
      <marc:subfield code="v">STAN-CS-77-606.</marc:subfield>
    </marc:datafield>
    <marc:datafield tag="901" ind1=" " ind2=" ">
      <marc:subfield code="a">00666601</marc:subfield>
    </marc:datafield>
    <marc:datafield tag="997" ind1=" " ind2=" ">
      <marc:subfield code="a">930128</marc:subfield>
      <marc:subfield code="b">ACC</marc:subfield>
      <marc:subfield code="d">GE</marc:subfield>
    </marc:datafield>
  </marc:record>