
  <marc:record>
    <marc:leader>00925njm  22002777a 4500</marc:leader>
    <marc:controlfield tag="001">2781078</marc:controlfield>
    <marc:controlfield tag="005">20070917114747.0</marc:controlfield>
    <marc:controlfield tag="007">ta</marc:controlfield>
    <marc:controlfield tag="008">700113s1965    ne       b    000 0 eng  </marc:controlfield>
    <marc:datafield tag="010" ind1=" " ind2=" ">
      <marc:subfield code="a">   70224677</marc:subfield>
    </marc:datafield>
    <marc:datafield tag="035" ind1=" " ind2=" ">
      <marc:subfield code="9">LM878248</marc:subfield>
    </marc:datafield>
    <marc:datafield tag="040" ind1=" " ind2=" ">
      <marc:subfield code="a">DLC</marc:subfield>
      <marc:subfield code="b">eng</marc:subfield>
      <marc:subfield code="c">DLC</marc:subfield>
      <marc:subfield code="d">CaOONL</marc:subfield>
      <marc:subfield code="d">CaOWtL</marc:subfield>
    </marc:datafield>
    <marc:datafield tag="090" ind1=" " ind2=" ">
      <marc:subfield code="a">TA593</marc:subfield>
      <marc:subfield code="b">.I67 ser.A no.18</marc:subfield>
      <marc:subfield code="5">CaOWtL</marc:subfield>
    </marc:datafield>
    <marc:datafield tag="100" ind1="1" ind2=" ">
      <marc:subfield code="a">Soehngen, H.</marc:subfield>
    </marc:datafield>
    <marc:datafield tag="245" ind1="1" ind2="4">
      <marc:subfield code="a">The programming and testing of an analytical strip adjustment procedure /</marc:subfield>
      <marc:subfield code="c">H. Soehngen.</marc:subfield>
    </marc:datafield>
    <marc:datafield tag="260" ind1=" " ind2=" ">
      <marc:subfield code="a">Delft :</marc:subfield>
      <marc:subfield code="b">I.T.C,</marc:subfield>
      <marc:subfield code="c">1965.</marc:subfield>
    </marc:datafield>
    <marc:datafield tag="300" ind1=" " ind2=" ">
      <marc:subfield code="a">35 p. :</marc:subfield>
      <marc:subfield code="b">ill. ;</marc:subfield>
      <marc:subfield code="c">24 cm.</marc:subfield>
    </marc:datafield>
    <marc:datafield tag="440" ind1=" " ind2="0">
      <marc:subfield code="a">Publications of the International Training Centre for Aerial Survey, Delft, the Netherlands ;</marc:subfield>
      <marc:subfield code="v">ser. A, no. 18</marc:subfield>
    </marc:datafield>
    <marc:datafield tag="504" ind1=" " ind2=" ">
      <marc:subfield code="a">Bibliography: p. 35.</marc:subfield>
    </marc:datafield>
    <marc:datafield tag="650" ind1=" " ind2="0">
      <marc:subfield code="a">Surveying</marc:subfield>
      <marc:subfield code="x">Data processing.</marc:subfield>
    </marc:datafield>
    <marc:datafield tag="650" ind1=" " ind2="0">
      <marc:subfield code="a">Least squares.</marc:subfield>
    </marc:datafield>
  </marc:record>