
  <marc:record>
    <marc:leader>00925njm  22002777a 4500</marc:leader>
    <marc:controlfield tag="001">1639126</marc:controlfield>
    <marc:controlfield tag="005">20020601143237.0</marc:controlfield>
    <marc:controlfield tag="007">ta</marc:controlfield>
    <marc:controlfield tag="008">741217s1970                 o      eng u</marc:controlfield>
    <marc:datafield tag="035" ind1=" " ind2=" ">
      <marc:subfield code="9">CaOGU00637767</marc:subfield>
    </marc:datafield>
    <marc:datafield tag="110" ind1="2" ind2="0">
      <marc:subfield code="a">Rand Corporation.</marc:subfield>
    </marc:datafield>
    <marc:datafield tag="245" ind1="1" ind2="0">
      <marc:subfield code="a">Programming and the Climate Dynamics Project.</marc:subfield>
    </marc:datafield>
    <marc:datafield tag="260" ind1="1" ind2=" ">
      <marc:subfield code="c">1970</marc:subfield>
    </marc:datafield>
    <marc:datafield tag="300" ind1=" " ind2=" ">
      <marc:subfield code="a">35 p.</marc:subfield>
    </marc:datafield>
    <marc:datafield tag="440" ind1=" " ind2="0">
      <marc:subfield code="a">Rand Corporation Paper P-. </marc:subfield>
      <marc:subfield code="v">5269</marc:subfield>
    </marc:datafield>
    <marc:datafield tag="700" ind1="1" ind2="0">
      <marc:subfield code="a">Cooper, D.</marc:subfield>
    </marc:datafield>
    <marc:datafield tag="700" ind1="1" ind2="0">
      <marc:subfield code="a">Heiser, L.</marc:subfield>
    </marc:datafield>
    <marc:datafield tag="700" ind1="1" ind2="0">
      <marc:subfield code="a">Mobley, R.</marc:subfield>
    </marc:datafield>
    <marc:datafield tag="900" ind1=" " ind2=" ">
      <marc:subfield code="a">Source of Material: Mail</marc:subfield>
    </marc:datafield>
  </marc:record>