
  <marc:record>
    <marc:leader>00925njm  22002777a 4500</marc:leader>
    <marc:controlfield tag="001">3294338</marc:controlfield>
    <marc:controlfield tag="005">20020426103656.0</marc:controlfield>
    <marc:controlfield tag="007">ta</marc:controlfield>
    <marc:controlfield tag="008">020426s1962    nyua     b    001 0 eng  </marc:controlfield>
    <marc:datafield tag="010" ind1=" " ind2=" ">
      <marc:subfield code="a">   6210208|</marc:subfield>
    </marc:datafield>
    <marc:datafield tag="040" ind1=" " ind2=" ">
      <marc:subfield code="a">DLC</marc:subfield>
      <marc:subfield code="b">eng</marc:subfield>
      <marc:subfield code="c">CaOWtU</marc:subfield>
      <marc:subfield code="d">CaOWtU</marc:subfield>
    </marc:datafield>
    <marc:datafield tag="050" ind1=" " ind2=" ">
      <marc:subfield code="a">QA76.5.L413</marc:subfield>
    </marc:datafield>
    <marc:datafield tag="090" ind1=" " ind2=" ">
      <marc:subfield code="a">G17503</marc:subfield>
      <marc:subfield code="5">CaOWtU</marc:subfield>
    </marc:datafield>
    <marc:datafield tag="100" ind1="1" ind2=" ">
      <marc:subfield code="a">Ledley, Robert Steven.</marc:subfield>
    </marc:datafield>
    <marc:datafield tag="245" ind1="1" ind2="0">
      <marc:subfield code="a">Programming and utilizing digital computers /</marc:subfield>
      <marc:subfield code="c">Robert Steven Ledley ; written with the assistance of James Bruce Wilson.</marc:subfield>
    </marc:datafield>
    <marc:datafield tag="260" ind1=" " ind2=" ">
      <marc:subfield code="a">New York ;</marc:subfield>
      <marc:subfield code="a">Toronto :</marc:subfield>
      <marc:subfield code="b">McGraw-Hill,</marc:subfield>
      <marc:subfield code="c">[1962]</marc:subfield>
    </marc:datafield>
    <marc:datafield tag="300" ind1=" " ind2=" ">
      <marc:subfield code="a">xxi, 568 p. :</marc:subfield>
      <marc:subfield code="b">ill. ;</marc:subfield>
      <marc:subfield code="c">24 cm.</marc:subfield>
    </marc:datafield>
    <marc:datafield tag="440" ind1=" " ind2="0">
      <marc:subfield code="a">McGraw-Hill series in information processing and computers</marc:subfield>
    </marc:datafield>
    <marc:datafield tag="504" ind1=" " ind2=" ">
      <marc:subfield code="a">Includes bibliographies and indexes.</marc:subfield>
    </marc:datafield>
    <marc:datafield tag="541" ind1=" " ind2=" ">
      <marc:subfield code="c">Gift of</marc:subfield>
      <marc:subfield code="a">the estate of J. Wesley Graham;</marc:subfield>
      <marc:subfield code="d">2001.</marc:subfield>
      <marc:subfield code="5">CaOWtU</marc:subfield>
    </marc:datafield>
    <marc:datafield tag="561" ind1=" " ind2=" ">
      <marc:subfield code="a">From the J. Wesley Graham History of Computer Science Research marc:collection.</marc:subfield>
      <marc:subfield code="5">CaOWtU</marc:subfield>
    </marc:datafield>
    <marc:datafield tag="650" ind1=" " ind2="0">
      <marc:subfield code="a">Computer programming.</marc:subfield>
    </marc:datafield>
    <marc:datafield tag="650" ind1=" " ind2="0">
      <marc:subfield code="a">Programming languages (Electronic computers)</marc:subfield>
    </marc:datafield>
    <marc:datafield tag="650" ind1=" " ind2="0">
      <marc:subfield code="a">Electronic data processing.</marc:subfield>
    </marc:datafield>
    <marc:datafield tag="700" ind1="1" ind2=" ">
      <marc:subfield code="a">Wilson, James Bruce.</marc:subfield>
    </marc:datafield>
    <marc:datafield tag="700" ind1="1" ind2=" ">
      <marc:subfield code="a">Graham, J. Wesley</marc:subfield>
      <marc:subfield code="q">(James Wesley),</marc:subfield>
      <marc:subfield code="d">1932-    ,</marc:subfield>
      <marc:subfield code="e">former owner.</marc:subfield>
      <marc:subfield code="5">CaOWtU</marc:subfield>
    </marc:datafield>
  </marc:record>