
  <marc:record>
    <marc:leader>00925njm  22002777a 4500</marc:leader>
    <marc:controlfield tag="001">3168853</marc:controlfield>
    <marc:controlfield tag="005">20001004151125.0</marc:controlfield>
    <marc:controlfield tag="007">ta</marc:controlfield>
    <marc:controlfield tag="007">cc mgu        </marc:controlfield>
    <marc:controlfield tag="008">000605s2000    nyua     b    000 0 eng  </marc:controlfield>
    <marc:datafield tag="010" ind1=" " ind2=" ">
      <marc:subfield code="a">   99042181 </marc:subfield>
    </marc:datafield>
    <marc:datafield tag="020" ind1=" " ind2=" ">
      <marc:subfield code="a">0471327549 (cloth)</marc:subfield>
    </marc:datafield>
    <marc:datafield tag="040" ind1=" " ind2=" ">
      <marc:subfield code="a">DLC</marc:subfield>
      <marc:subfield code="c">DLC</marc:subfield>
    </marc:datafield>
    <marc:datafield tag="042" ind1=" " ind2=" ">
      <marc:subfield code="a">pcc</marc:subfield>
    </marc:datafield>
    <marc:datafield tag="050" ind1="0" ind2="0">
      <marc:subfield code="a">TK5105.55</marc:subfield>
      <marc:subfield code="b">.M36 1999</marc:subfield>
    </marc:datafield>
    <marc:datafield tag="082" ind1="0" ind2="0">
      <marc:subfield code="a">004.6/2</marc:subfield>
    </marc:datafield>
    <marc:datafield tag="090" ind1=" " ind2=" ">
      <marc:subfield code="a">TK5105.55</marc:subfield>
      <marc:subfield code="b">.M36</marc:subfield>
      <marc:subfield code="5">CaOWtL</marc:subfield>
    </marc:datafield>
    <marc:datafield tag="100" ind1="1" ind2=" ">
      <marc:subfield code="a">Mann, Steve,</marc:subfield>
      <marc:subfield code="d">1950-</marc:subfield>
    </marc:datafield>
    <marc:datafield tag="245" ind1="1" ind2="0">
      <marc:subfield code="a">Programming applications with the wireless application protocol :</marc:subfield>
      <marc:subfield code="b">the complete developer's guide /</marc:subfield>
      <marc:subfield code="c">Steve Mann.</marc:subfield>
    </marc:datafield>
    <marc:datafield tag="260" ind1=" " ind2=" ">
      <marc:subfield code="a">New York :</marc:subfield>
      <marc:subfield code="b">John Wiley &amp; Sons,</marc:subfield>
      <marc:subfield code="c">2000.</marc:subfield>
    </marc:datafield>
    <marc:datafield tag="300" ind1=" " ind2=" ">
      <marc:subfield code="a">xvii, 226 p. ;</marc:subfield>
      <marc:subfield code="c">25 cm. +</marc:subfield>
      <marc:subfield code="e">1 computer optical disc (4 3/4 in.)</marc:subfield>
    </marc:datafield>
    <marc:datafield tag="504" ind1=" " ind2=" ">
      <marc:subfield code="a">Includes bibliographical references (p. 221-222) and index.</marc:subfield>
    </marc:datafield>
    <marc:datafield tag="538" ind1=" " ind2=" ">
      <marc:subfield code="a">System requirements: Pentium or faster Intel processor; Windows 95, Windows 98, Windows NT 4.0 or later; 32 MB RAM; 20 MB hard disk space.</marc:subfield>
    </marc:datafield>
    <marc:datafield tag="650" ind1=" " ind2="0">
      <marc:subfield code="a">Computer network protocols.</marc:subfield>
    </marc:datafield>
    <marc:datafield tag="650" ind1=" " ind2="0">
      <marc:subfield code="a">Wireless communication systems.</marc:subfield>
    </marc:datafield>
  </marc:record>