
  <marc:record>
    <marc:leader>00925njm  22002777a 4500</marc:leader>
    <marc:controlfield tag="001">1605442</marc:controlfield>
    <marc:controlfield tag="007">ta</marc:controlfield>
    <marc:controlfield tag="008">830816s1983                 o      eng u</marc:controlfield>
    <marc:datafield tag="035" ind1=" " ind2=" ">
      <marc:subfield code="9">CaOGU00607608</marc:subfield>
    </marc:datafield>
    <marc:datafield tag="110" ind1="2" ind2="0">
      <marc:subfield code="a">Cornell University Agricultural Experiment Station, Ithaca, N.Y.  Dept. of Agricultural Economics</marc:subfield>
    </marc:datafield>
    <marc:datafield tag="245" ind1="1" ind2="0">
      <marc:subfield code="a">Programming Approach to Public School Financing in New York.</marc:subfield>
    </marc:datafield>
    <marc:datafield tag="260" ind1="1" ind2=" ">
      <marc:subfield code="c">1983</marc:subfield>
    </marc:datafield>
    <marc:datafield tag="300" ind1=" " ind2=" ">
      <marc:subfield code="a">75 p.</marc:subfield>
    </marc:datafield>
    <marc:datafield tag="440" ind1=" " ind2="0">
      <marc:subfield code="a">Cornell Univ. Agri. Exp. Station Agri. Ec. A.E. Res. </marc:subfield>
      <marc:subfield code="v">83-16</marc:subfield>
    </marc:datafield>
    <marc:datafield tag="700" ind1="1" ind2="0">
      <marc:subfield code="a">Colburn, J.</marc:subfield>
    </marc:datafield>
    <marc:datafield tag="700" ind1="1" ind2="0">
      <marc:subfield code="a">Boisvert, R.N.</marc:subfield>
    </marc:datafield>
    <marc:datafield tag="900" ind1=" " ind2=" ">
      <marc:subfield code="a">Source of Material: Mail</marc:subfield>
    </marc:datafield>
  </marc:record>