
  <marc:record>
    <marc:leader>00925njm  22002777a 4500</marc:leader>
    <marc:controlfield tag="001">43561</marc:controlfield>
    <marc:controlfield tag="005">20020623091048.0</marc:controlfield>
    <marc:controlfield tag="007">ta</marc:controlfield>
    <marc:controlfield tag="008">      s1973                 f| |   eng  </marc:controlfield>
    <marc:datafield tag="035" ind1=" " ind2=" ">
      <marc:subfield code="9">CaOWtU00586727</marc:subfield>
    </marc:datafield>
    <marc:datafield tag="040" ind1=" " ind2=" ">
      <marc:subfield code="a">CaOWtU</marc:subfield>
      <marc:subfield code="b">eng</marc:subfield>
    </marc:datafield>
    <marc:datafield tag="050" ind1=" " ind2=" ">
      <marc:subfield code="a">QA </marc:subfield>
    </marc:datafield>
    <marc:datafield tag="090" ind1=" " ind2=" ">
      <marc:subfield code="a">CA1  UR      B7324                                  </marc:subfield>
    </marc:datafield>
    <marc:datafield tag="110" ind1=" " ind2="0">
      <marc:subfield code="a">Canada.</marc:subfield>
      <marc:subfield code="b">Urban Affairs Canada</marc:subfield>
    </marc:datafield>
    <marc:datafield tag="245" ind1="1" ind2="0">
      <marc:subfield code="a">PROGRAMMING APPROACH TO THE CRIMINAL JUSTICE SYSTEM (MATHEMATICAL ANALYSIS).</marc:subfield>
    </marc:datafield>
    <marc:datafield tag="300" ind1=" " ind2=" ">
      <marc:subfield code="a"> :</marc:subfield>
      <marc:subfield code="g">booklet</marc:subfield>
    </marc:datafield>
    <marc:datafield tag="410" ind1=" " ind2="0">
      <marc:subfield code="a">CANADA MINISTRY OF STATE FOR URBAN AFFAIRS DISCUSSION PAPER ;</marc:subfield>
      <marc:subfield code="v">7324</marc:subfield>
    </marc:datafield>
    <marc:datafield tag="700" ind1="1" ind2="1">
      <marc:subfield code="a">BELKIN, J.</marc:subfield>
    </marc:datafield>
    <marc:datafield tag="700" ind1="1" ind2="1">
      <marc:subfield code="a">BRAUNER, R.</marc:subfield>
    </marc:datafield>
    <marc:datafield tag="700" ind1="1" ind2="1">
      <marc:subfield code="a">CASSIDY, R.G.</marc:subfield>
    </marc:datafield>
    <marc:datafield tag="901" ind1=" " ind2=" ">
      <marc:subfield code="a">00586727</marc:subfield>
    </marc:datafield>
    <marc:datafield tag="997" ind1=" " ind2=" ">
      <marc:subfield code="a">820529</marc:subfield>
      <marc:subfield code="b"/>
    </marc:datafield>
  </marc:record>