
  <marc:record>
    <marc:leader>00925njm  22002777a 4500</marc:leader>
    <marc:controlfield tag="001">4279107</marc:controlfield>
    <marc:controlfield tag="005">20120109120525.0</marc:controlfield>
    <marc:controlfield tag="007">ta</marc:controlfield>
    <marc:controlfield tag="008">111108s2012    nyua          001 0 eng  </marc:controlfield>
    <marc:datafield tag="010" ind1=" " ind2=" ">
      <marc:subfield code="a">  2011042537</marc:subfield>
    </marc:datafield>
    <marc:datafield tag="040" ind1=" " ind2=" ">
      <marc:subfield code="a">DLC</marc:subfield>
      <marc:subfield code="c">DLC</marc:subfield>
      <marc:subfield code="d">YDX</marc:subfield>
      <marc:subfield code="d">BTCTA</marc:subfield>
      <marc:subfield code="d">YDXCP</marc:subfield>
      <marc:subfield code="d">UKMGB</marc:subfield>
    </marc:datafield>
    <marc:datafield tag="020" ind1=" " ind2=" ">
      <marc:subfield code="a">9780071784221 (pbk.)</marc:subfield>
    </marc:datafield>
    <marc:datafield tag="020" ind1=" " ind2=" ">
      <marc:subfield code="a">0071784225 (pbk.)</marc:subfield>
    </marc:datafield>
    <marc:datafield tag="042" ind1=" " ind2=" ">
      <marc:subfield code="a">pcc</marc:subfield>
    </marc:datafield>
    <marc:datafield tag="050" ind1="0" ind2="0">
      <marc:subfield code="a">TJ223.P76</marc:subfield>
      <marc:subfield code="b">M66 2012</marc:subfield>
    </marc:datafield>
    <marc:datafield tag="082" ind1="0" ind2="0">
      <marc:subfield code="a">005.13/3</marc:subfield>
      <marc:subfield code="2">23</marc:subfield>
    </marc:datafield>
    <marc:datafield tag="100" ind1="1" ind2=" ">
      <marc:subfield code="a">Monk, Simon.</marc:subfield>
    </marc:datafield>
    <marc:datafield tag="245" ind1="1" ind2="0">
      <marc:subfield code="a">Programming Arduino :</marc:subfield>
      <marc:subfield code="b">getting started with sketches /</marc:subfield>
      <marc:subfield code="c">Simon Monk.</marc:subfield>
    </marc:datafield>
    <marc:datafield tag="260" ind1=" " ind2=" ">
      <marc:subfield code="a">New York :</marc:subfield>
      <marc:subfield code="b">McGraw-Hill,</marc:subfield>
      <marc:subfield code="c">c2012.</marc:subfield>
    </marc:datafield>
    <marc:datafield tag="300" ind1=" " ind2=" ">
      <marc:subfield code="a">xiv, 162 p. :</marc:subfield>
      <marc:subfield code="b">ill. ;</marc:subfield>
      <marc:subfield code="c">22 cm.</marc:subfield>
    </marc:datafield>
    <marc:datafield tag="500" ind1=" " ind2=" ">
      <marc:subfield code="a">Includes index.</marc:subfield>
    </marc:datafield>
    <marc:datafield tag="520" ind1=" " ind2=" ">
      <marc:subfield code="a">"Using clear, easy-to-follow examples, Programming Arduino: Getting Started with Sketches reveals the software side of Arduino and explains how to write well-crafted sketches using the modified C language of Arduino. No prior programming experience is required! The downloadable sample programs featured in the book can be used as-is or modified to suit your purposes. - Understand Arduino hardware fundamentals - Install the software, power it up, and upload your first sketch - Learn C language basics - Write functions in Arduino sketches - Structure data using arrays and strings - Use Arduino's digital and analog inputs and outputs in your programs - Work with the Standard Arduino Library - Write sketches that can store data - Program LCD displays - Use an Ethernet shield to enable Arduino to function as a web server - Write your own Arduino libraries "--Provided by publisher.</marc:subfield>
    </marc:datafield>
    <marc:datafield tag="505" ind1="8" ind2=" ">
      <marc:subfield code="a">Machine generated contents note: Introduction -- Ch. 1. This Is Arduino -- Ch 2. Getting Started -- Ch 3. C Language Basics -- Ch 4. Functions -- Ch 5. Arrays, Strings and Pointers -- Ch 6. Input / Output -- Ch 7. Standard Library Goodies -- Ch 8. External Storage -- Ch 9. LCD Displays -- Ch 10. Programming for the Web -- Ch 11. Program Design -- Ch 12. C++ and Library Writing.</marc:subfield>
    </marc:datafield>
    <marc:datafield tag="650" ind1=" " ind2="0">
      <marc:subfield code="a">Arduino (Microcontroller)</marc:subfield>
    </marc:datafield>
    <marc:datafield tag="650" ind1=" " ind2="0">
      <marc:subfield code="a">Programmable controllers.</marc:subfield>
    </marc:datafield>
    <marc:datafield tag="910" ind1=" " ind2=" ">
      <marc:subfield code="d">2170-13</marc:subfield>
      <marc:subfield code="e">Wilfrid Laurier University</marc:subfield>
      <marc:subfield code="f">Lybp</marc:subfield>
      <marc:subfield code="g">YBP Library Services</marc:subfield>
      <marc:subfield code="r">US</marc:subfield>
    </marc:datafield>
    <marc:datafield tag="980" ind1=" " ind2=" ">
      <marc:subfield code="a">120103</marc:subfield>
      <marc:subfield code="f">715356</marc:subfield>
      <marc:subfield code="n">40020256983</marc:subfield>
    </marc:datafield>
    <marc:datafield tag="981" ind1=" " ind2=" ">
      <marc:subfield code="b">15.00</marc:subfield>
      <marc:subfield code="e">12.45</marc:subfield>
    </marc:datafield>
    <marc:datafield tag="982" ind1=" " ind2=" ">
      <marc:subfield code="b">phy-apb</marc:subfield>
      <marc:subfield code="d">WLUBook</marc:subfield>
    </marc:datafield>
    <marc:datafield tag="990" ind1=" " ind2=" ">
      <marc:subfield code="b">15.00</marc:subfield>
      <marc:subfield code="c">12.45</marc:subfield>
    </marc:datafield>
  </marc:record>