
  <marc:record>
    <marc:leader>00925njm  22002777a 4500</marc:leader>
    <marc:controlfield tag="001">2965952</marc:controlfield>
    <marc:controlfield tag="003">CaOWtL</marc:controlfield>
    <marc:controlfield tag="007">ta</marc:controlfield>
    <marc:controlfield tag="008">911122s1991    us            000   eng d</marc:controlfield>
    <marc:datafield tag="010" ind1=" " ind2=" ">
      <marc:subfield code="a">   91199969</marc:subfield>
    </marc:datafield>
    <marc:datafield tag="020" ind1=" " ind2=" ">
      <marc:subfield code="a">0691087520</marc:subfield>
    </marc:datafield>
    <marc:datafield tag="035" ind1=" " ind2=" ">
      <marc:subfield code="9">LM480818</marc:subfield>
    </marc:datafield>
    <marc:datafield tag="040" ind1=" " ind2=" ">
      <marc:subfield code="a">Uk eng Uk CaOONL</marc:subfield>
    </marc:datafield>
    <marc:datafield tag="090" ind1=" " ind2="1">
      <marc:subfield code="a">QA76.758</marc:subfield>
      <marc:subfield code="b">.B67</marc:subfield>
    </marc:datafield>
    <marc:datafield tag="100" ind1="1" ind2=" ">
      <marc:subfield code="a">Borenstein, Nathaniel S.</marc:subfield>
    </marc:datafield>
    <marc:datafield tag="245" ind1="1" ind2="0">
      <marc:subfield code="a">Programming as if people mattered :</marc:subfield>
      <marc:subfield code="b"> friendly programs, software engineering, and other noble delusions /</marc:subfield>
      <marc:subfield code="c">Nathaniel S. Borenstein.</marc:subfield>
    </marc:datafield>
    <marc:datafield tag="260" ind1=" " ind2=" ">
      <marc:subfield code="a">Princeton, N.J. :</marc:subfield>
      <marc:subfield code="b">Princeton University Press,</marc:subfield>
      <marc:subfield code="c">1991.</marc:subfield>
    </marc:datafield>
    <marc:datafield tag="300" ind1=" " ind2="0">
      <marc:subfield code="a">xiv, 186 p. : ill. ; 25 cm.</marc:subfield>
    </marc:datafield>
    <marc:datafield tag="504" ind1=" " ind2=" ">
      <marc:subfield code="a">Bibliography: p.[183]-186.</marc:subfield>
    </marc:datafield>
    <marc:datafield tag="650" ind1=" " ind2="0">
      <marc:subfield code="a">Software engineering.</marc:subfield>
    </marc:datafield>
    <marc:datafield tag="650" ind1=" " ind2="0">
      <marc:subfield code="a">User interfaces (Computer systems)</marc:subfield>
    </marc:datafield>
  </marc:record>