
  <marc:record>
    <marc:leader>00925njm  22002777a 4500</marc:leader>
    <marc:controlfield tag="001">3466988</marc:controlfield>
    <marc:controlfield tag="005">20101028154122.0</marc:controlfield>
    <marc:controlfield tag="007">ta           </marc:controlfield>
    <marc:controlfield tag="008">040220s2003    cc a          001 0 eng  </marc:controlfield>
    <marc:datafield tag="010" ind1=" " ind2=" ">
      <marc:subfield code="a">  2004268184</marc:subfield>
    </marc:datafield>
    <marc:datafield tag="020" ind1=" " ind2=" ">
      <marc:subfield code="a">0596004877 (pbk.)</marc:subfield>
    </marc:datafield>
    <marc:datafield tag="040" ind1=" " ind2=" ">
      <marc:subfield code="a">DLC</marc:subfield>
      <marc:subfield code="c">DLC</marc:subfield>
      <marc:subfield code="d">DLC</marc:subfield>
      <marc:subfield code="d">dOSBI</marc:subfield>
      <marc:subfield code="d">CaOGU</marc:subfield>
    </marc:datafield>
    <marc:datafield tag="042" ind1=" " ind2=" ">
      <marc:subfield code="a">pcc</marc:subfield>
    </marc:datafield>
    <marc:datafield tag="050" ind1="0" ind2="0">
      <marc:subfield code="a">QA76.73.C154</marc:subfield>
      <marc:subfield code="b">L52 2003</marc:subfield>
    </marc:datafield>
    <marc:datafield tag="082" ind1="0" ind2="4">
      <marc:subfield code="a">005.2/76</marc:subfield>
      <marc:subfield code="2">21</marc:subfield>
    </marc:datafield>
    <marc:datafield tag="090" ind1=" " ind2=" ">
      <marc:subfield code="a">QA76.73.C154</marc:subfield>
      <marc:subfield code="b">L52 2003</marc:subfield>
      <marc:subfield code="5">CaOGU</marc:subfield>
    </marc:datafield>
    <marc:datafield tag="100" ind1="1" ind2=" ">
      <marc:subfield code="a">Liberty, Jesse.</marc:subfield>
    </marc:datafield>
    <marc:datafield tag="245" ind1="1" ind2="0">
      <marc:subfield code="a">Programming ASP.NET /</marc:subfield>
      <marc:subfield code="c">Jesse Liberty and Dan Hurwitz.</marc:subfield>
    </marc:datafield>
    <marc:datafield tag="250" ind1=" " ind2=" ">
      <marc:subfield code="a">2nd ed.</marc:subfield>
    </marc:datafield>
    <marc:datafield tag="260" ind1=" " ind2=" ">
      <marc:subfield code="a">Beijing ;</marc:subfield>
      <marc:subfield code="a">Sebastopol, CA :</marc:subfield>
      <marc:subfield code="b">O'Reilly,</marc:subfield>
      <marc:subfield code="c">c2003.</marc:subfield>
    </marc:datafield>
    <marc:datafield tag="300" ind1=" " ind2=" ">
      <marc:subfield code="a">xiii, 988 p. :</marc:subfield>
      <marc:subfield code="b">ill. ;</marc:subfield>
      <marc:subfield code="c">24 cm.</marc:subfield>
    </marc:datafield>
    <marc:datafield tag="500" ind1=" " ind2=" ">
      <marc:subfield code="a">Includes index.</marc:subfield>
    </marc:datafield>
    <marc:datafield tag="500" ind1=" " ind2=" ">
      <marc:subfield code="a">"Building Web applications and services using C# and VB.NET"--Cover.</marc:subfield>
    </marc:datafield>
    <marc:datafield tag="630" ind1="0" ind2="0">
      <marc:subfield code="a">Active server pages.</marc:subfield>
    </marc:datafield>
    <marc:datafield tag="630" ind1="0" ind2="0">
      <marc:subfield code="a">Microsoft Visual BASIC.</marc:subfield>
    </marc:datafield>
    <marc:datafield tag="650" ind1=" " ind2="0">
      <marc:subfield code="a">C# (Computer program language)</marc:subfield>
    </marc:datafield>
    <marc:datafield tag="650" ind1=" " ind2="0">
      <marc:subfield code="a">Web sites</marc:subfield>
      <marc:subfield code="x">Computer programs.</marc:subfield>
    </marc:datafield>
    <marc:datafield tag="650" ind1=" " ind2="0">
      <marc:subfield code="a">Web sites</marc:subfield>
      <marc:subfield code="x">Design.</marc:subfield>
    </marc:datafield>
    <marc:datafield tag="700" ind1="1" ind2=" ">
      <marc:subfield code="a">Hurwitz, Dan.</marc:subfield>
    </marc:datafield>
  </marc:record>