
  <marc:record>
    <marc:leader>00925njm  22002777a 4500</marc:leader>
    <marc:controlfield tag="001">3581850</marc:controlfield>
    <marc:controlfield tag="005">20060330152419.0</marc:controlfield>
    <marc:controlfield tag="007">ta</marc:controlfield>
    <marc:controlfield tag="008">060124s2005    at ab    b    001 0 eng d</marc:controlfield>
    <marc:datafield tag="020" ind1=" " ind2=" ">
      <marc:subfield code="a">1418018759</marc:subfield>
    </marc:datafield>
    <marc:datafield tag="040" ind1=" " ind2=" ">
      <marc:subfield code="a">GUA</marc:subfield>
      <marc:subfield code="c">GUA</marc:subfield>
      <marc:subfield code="d">BAKER</marc:subfield>
      <marc:subfield code="d">CaOWtU</marc:subfield>
    </marc:datafield>
    <marc:datafield tag="050" ind1=" " ind2="4">
      <marc:subfield code="a">G70.212</marc:subfield>
      <marc:subfield code="b">.P759 2005</marc:subfield>
    </marc:datafield>
    <marc:datafield tag="090" ind1=" " ind2=" ">
      <marc:subfield code="a">G70.212</marc:subfield>
      <marc:subfield code="b">.P759x 2005</marc:subfield>
      <marc:subfield code="5">CaOWtU</marc:subfield>
    </marc:datafield>
    <marc:datafield tag="090" ind1=" " ind2=" ">
      <marc:subfield code="a">G70.212</marc:subfield>
      <marc:subfield code="b">.P759</marc:subfield>
      <marc:subfield code="5">CaOWtL</marc:subfield>
    </marc:datafield>
    <marc:datafield tag="245" ind1="0" ind2="0">
      <marc:subfield code="a">Programming ASP.NET for ArcGIS server /</marc:subfield>
      <marc:subfield code="c">Vincent Zhuang ... [et al.].</marc:subfield>
    </marc:datafield>
    <marc:datafield tag="260" ind1=" " ind2=" ">
      <marc:subfield code="a">Australia ;</marc:subfield>
      <marc:subfield code="a">Clifton Park, NY :</marc:subfield>
      <marc:subfield code="b">Thomson Delmar Learning,</marc:subfield>
      <marc:subfield code="c">c2005.</marc:subfield>
    </marc:datafield>
    <marc:datafield tag="300" ind1=" " ind2=" ">
      <marc:subfield code="a">xxi, 353 p. :</marc:subfield>
      <marc:subfield code="b">ill., maps ;</marc:subfield>
      <marc:subfield code="c">24 cm.</marc:subfield>
    </marc:datafield>
    <marc:datafield tag="504" ind1=" " ind2=" ">
      <marc:subfield code="a">Includes bibliographical references (p. 342) and index.</marc:subfield>
    </marc:datafield>
    <marc:datafield tag="630" ind1="0" ind2="0">
      <marc:subfield code="a">ArcGIS</marc:subfield>
      <marc:subfield code="v">Handbooks, manuals, etc.</marc:subfield>
    </marc:datafield>
    <marc:datafield tag="650" ind1=" " ind2="0">
      <marc:subfield code="a">Geographic information systems</marc:subfield>
      <marc:subfield code="v">Handbooks, manuals, etc.</marc:subfield>
    </marc:datafield>
    <marc:datafield tag="630" ind1="0" ind2="0">
      <marc:subfield code="a">Active server pages</marc:subfield>
      <marc:subfield code="v">Handbooks, manuals, etc.</marc:subfield>
    </marc:datafield>
    <marc:datafield tag="650" ind1=" " ind2="0">
      <marc:subfield code="a">Microsoft .NET</marc:subfield>
      <marc:subfield code="v">Handbooks, manuals, etc.</marc:subfield>
    </marc:datafield>
    <marc:datafield tag="700" ind1="1" ind2=" ">
      <marc:subfield code="a">Zhuang, Vincent.</marc:subfield>
    </marc:datafield>
  </marc:record>