
  <marc:record>
    <marc:leader>00925njm  22002777a 4500</marc:leader>
    <marc:controlfield tag="001">1233616</marc:controlfield>
    <marc:controlfield tag="007">ta</marc:controlfield>
    <marc:controlfield tag="008">930608s1992    ne a     b    0 0 0 eng  </marc:controlfield>
    <marc:datafield tag="035" ind1=" " ind2=" ">
      <marc:subfield code="9">CaOWtU01394967</marc:subfield>
    </marc:datafield>
    <marc:datafield tag="039" ind1=" " ind2=" ">
      <marc:subfield code="a">235245863</marc:subfield>
    </marc:datafield>
    <marc:datafield tag="040" ind1=" " ind2=" ">
      <marc:subfield code="a">PMC</marc:subfield>
      <marc:subfield code="b">eng</marc:subfield>
      <marc:subfield code="c">PMC</marc:subfield>
      <marc:subfield code="d">UWW</marc:subfield>
    </marc:datafield>
    <marc:datafield tag="090" ind1=" " ind2=" ">
      <marc:subfield code="a">QA76.5.R42x no. CS-R9259</marc:subfield>
    </marc:datafield>
    <marc:datafield tag="100" ind1="1" ind2=" ">
      <marc:subfield code="a">Pemberton, Steven,</marc:subfield>
      <marc:subfield code="d">1953-</marc:subfield>
    </marc:datafield>
    <marc:datafield tag="245" ind1="1" ind2="0">
      <marc:subfield code="a">Programming aspects of Views :</marc:subfield>
      <marc:subfield code="b">an open-architecture application environment /</marc:subfield>
      <marc:subfield code="c">S. Pemberton.</marc:subfield>
    </marc:datafield>
    <marc:datafield tag="260" ind1=" " ind2=" ">
      <marc:subfield code="a">Amsterdam, The Netherlands :</marc:subfield>
      <marc:subfield code="b">Stichting Mathematisch Centrum,</marc:subfield>
      <marc:subfield code="c">1992.</marc:subfield>
    </marc:datafield>
    <marc:datafield tag="300" ind1=" " ind2=" ">
      <marc:subfield code="a">14 p. :</marc:subfield>
      <marc:subfield code="b">ill. ;</marc:subfield>
      <marc:subfield code="c">29 cm.</marc:subfield>
    </marc:datafield>
    <marc:datafield tag="490" ind1="1" ind2=" ">
      <marc:subfield code="a">Report / Computer Science/Dept. of Algorithmics and Architecture,</marc:subfield>
      <marc:subfield code="x">0169-118X ;</marc:subfield>
      <marc:subfield code="v">CS-R9259 December</marc:subfield>
    </marc:datafield>
    <marc:datafield tag="504" ind1=" " ind2=" ">
      <marc:subfield code="a">Includes bibliographical references.</marc:subfield>
    </marc:datafield>
    <marc:datafield tag="520" ind1=" " ind2=" ">
      <marc:subfield code="a">Abstract: "Views is an open-architecture application environment that offers a consistent user interface across applications, interoperability between them, much less programming to produce an application, and the ability to add and modify applications on the fly. The system kernel contains a user interface layer and a persistent data- storage layer, so that applications only have to implement the true functionality.  Objects contain no information on how they are to be displayed, so the presentation of documents can be changed easily, even on the fly.  The main implementation technique is the use of the invariants between objects which are automatically made two-way by the system.  This document describes some aspects of programming for Views."</marc:subfield>
    </marc:datafield>
    <marc:datafield tag="650" ind1=" " ind2="0">
      <marc:subfield code="a">User interfaces (Computer systems)</marc:subfield>
    </marc:datafield>
    <marc:datafield tag="830" ind1=" " ind2="0">
      <marc:subfield code="a">Report (Centrum voor Wiskunde en Informatica (Amsterdam, Netherlands). Dept. of Computer Science) ;</marc:subfield>
      <marc:subfield code="v">CS-R9529.</marc:subfield>
    </marc:datafield>
    <marc:datafield tag="901" ind1=" " ind2=" ">
      <marc:subfield code="a">01394967</marc:subfield>
    </marc:datafield>
    <marc:datafield tag="997" ind1=" " ind2=" ">
      <marc:subfield code="a">960417</marc:subfield>
      <marc:subfield code="b">AD</marc:subfield>
      <marc:subfield code="d">00000006012600</marc:subfield>
    </marc:datafield>
  </marc:record>